
   <marc:record>
      <marc:leader>01135cam a2200325 a 4500</marc:leader>
      <marc:controlfield tag="005">20040727091212.0</marc:controlfield>
      <marc:controlfield tag="008">030905r20031949nyu      b    000 1 eng d</marc:controlfield>
      <marc:datafield tag="010" ind1=" " ind2=" ">
         <marc:subfield code="a">  2003273412</marc:subfield>
      </marc:datafield>
      <marc:datafield tag="020" ind1=" " ind2=" ">
         <marc:subfield code="a">0452284236 (pbk.)</marc:subfield>
      </marc:datafield>
      <marc:datafield tag="100" ind1="1" ind2=" ">
         <marc:subfield code="a">Orwell, George,</marc:subfield>
         <marc:subfield code="d">1903-1950.</marc:subfield>
      </marc:datafield>
      <marc:datafield tag="245" ind1="1" ind2="0">
         <marc:subfield code="a">Nineteen eighty-four :</marc:subfield>
         <marc:subfield code="b">a novel /</marc:subfield>
         <marc:subfield code="c">by George Orwell ; with a foreword by Thomas Pynchon ; with an afterword by Erich Fromm.</marc:subfield>
      </marc:datafield>
      <marc:datafield tag="246" ind1="3" ind2=" ">
         <marc:subfield code="a">1984</marc:subfield>
      </marc:datafield>
      <marc:datafield tag="250" ind1=" " ind2=" ">
         <marc:subfield code="a">Centennial ed.</marc:subfield>
      </marc:datafield>
      <marc:datafield tag="260" ind1=" " ind2=" ">
         <marc:subfield code="a">New York :</marc:subfield>
         <marc:subfield code="b">Plume,</marc:subfield>
         <marc:subfield code="c">2003.</marc:subfield>
      </marc:datafield>
      <marc:datafield tag="300" ind1=" " ind2=" ">
         <marc:subfield code="a">xxvi, 339 p. ;</marc:subfield>
         <marc:subfield code="c">20 cm.</marc:subfield>
      </marc:datafield>
      <marc:datafield tag="500" ind1=" " ind2=" ">
         <marc:subfield code="a">"A Plume Harcourt Brace book."</marc:subfield>
      </marc:datafield>
      <marc:datafield tag="504" ind1=" " ind2=" ">
         <marc:subfield code="a">Includes bibliographical references (p. 338-339).</marc:subfield>
      </marc:datafield>
      <marc:datafield tag="650" ind1=" " ind2="0">
         <marc:subfield code="a">Totalitarianism</marc:subfield>
         <marc:subfield code="v">Fiction.</marc:subfield>
      </marc:datafield>
      <marc:datafield tag="651" ind1=" " ind2="0">
         <marc:subfield code="a">London (England)</marc:subfield>
         <marc:subfield code="v">Fiction.</marc:subfield>
      </marc:datafield>
      <marc:datafield tag="655" ind1=" " ind2="7">
         <marc:subfield code="a">Political fiction.</marc:subfield>
         <marc:subfield code="2">lcsh</marc:subfield>
      </marc:datafield>
      <marc:datafield tag="655" ind1=" " ind2="7">
         <marc:subfield code="a">Science fiction.</marc:subfield>
         <marc:subfield code="2">gsafd</marc:subfield>
      </marc:datafield>
      <marc:datafield tag="655" ind1=" " ind2="7">
         <marc:subfield code="a">Dystopias.</marc:subfield>
         <marc:subfield code="2">gsafd</marc:subfield>
      </marc:datafield>
      <marc:datafield tag="700" ind1="1" ind2=" ">
         <marc:subfield code="a">Pynchon, Thomas.</marc:subfield>
      </marc:datafield>
      <marc:datafield tag="700" ind1="1" ind2=" ">
         <marc:subfield code="a">Fromm, Erich,</marc:subfield>
         <marc:subfield code="d">1900-</marc:subfield>
      </marc:datafield>
      <marc:datafield tag="990" ind1=" " ind2=" ">
         <marc:subfield code="a">13</marc:subfield>
      </marc:datafield>
      <marc:datafield tag="999" ind1=" " ind2=" ">
         <marc:subfield code="a">PR 6029 .R8 N647 2003</marc:subfield>
         <marc:subfield code="w">LC</marc:subfield>
         <marc:subfield code="c">1</marc:subfield>
         <marc:subfield code="i">30173000046242</marc:subfield>
         <marc:subfield code="d">9/23/2010</marc:subfield>
         <marc:subfield code="f">9/23/2010</marc:subfield>
         <marc:subfield code="g">2</marc:subfield>
         <marc:subfield code="l">STACKS</marc:subfield>
         <marc:subfield code="m">DEGEN_ROOM</marc:subfield>
         <marc:subfield code="r">Y</marc:subfield>
         <marc:subfield code="s">Y</marc:subfield>
         <marc:subfield code="t">BOOK</marc:subfield>
         <marc:subfield code="u">8/24/2006</marc:subfield>
      </marc:datafield>
   </marc:record>