
   <marc:record>
      <marc:leader>00830cam a2200229 a 4500</marc:leader>
      <marc:controlfield tag="005">20041222095918.0</marc:controlfield>
      <marc:controlfield tag="008">031112r20021936enk      b    001 0 eng d</marc:controlfield>
      <marc:datafield tag="020" ind1=" " ind2=" ">
         <marc:subfield code="a">1842125982</marc:subfield>
      </marc:datafield>
      <marc:datafield tag="100" ind1="1" ind2=" ">
         <marc:subfield code="a">Young, G. M.</marc:subfield>
         <marc:subfield code="q">(George Malcolm),</marc:subfield>
         <marc:subfield code="d">1882-1959.</marc:subfield>
      </marc:datafield>
      <marc:datafield tag="245" ind1="1" ind2="0">
         <marc:subfield code="a">Victorian England : </marc:subfield>
         <marc:subfield code="b"> portrait of an age / </marc:subfield>
         <marc:subfield code="c"> by G.M. Young.</marc:subfield>
      </marc:datafield>
      <marc:datafield tag="250" ind1=" " ind2=" ">
         <marc:subfield code="a">2nd ed.</marc:subfield>
      </marc:datafield>
      <marc:datafield tag="260" ind1="0" ind2=" ">
         <marc:subfield code="a">London : </marc:subfield>
         <marc:subfield code="b"> Oxford University Press, H. Milford, </marc:subfield>
         <marc:subfield code="c"> 1971, 1936.</marc:subfield>
      </marc:datafield>
      <marc:datafield tag="300" ind1=" " ind2=" ">
         <marc:subfield code="a">vii. 219, p. </marc:subfield>
         <marc:subfield code="b"> facsims. ; </marc:subfield>
         <marc:subfield code="c"> 21 cm.</marc:subfield>
      </marc:datafield>
      <marc:datafield tag="504" ind1=" " ind2=" ">
         <marc:subfield code="a">Includes an index.</marc:subfield>
      </marc:datafield>
      <marc:datafield tag="651" ind1=" " ind2="0">
         <marc:subfield code="a">Great Britain </marc:subfield>
         <marc:subfield code="x"> History </marc:subfield>
         <marc:subfield code="y"> Victoria, 1837-1901.</marc:subfield>
      </marc:datafield>
      <marc:datafield tag="740" ind1="0" ind2="1">
         <marc:subfield code="a">Portrait of an age.</marc:subfield>
      </marc:datafield>
      <marc:datafield tag="990" ind1=" " ind2=" ">
         <marc:subfield code="a">14</marc:subfield>
      </marc:datafield>
      <marc:datafield tag="999" ind1=" " ind2=" ">
         <marc:subfield code="a">DA 550 .Y6 2002</marc:subfield>
         <marc:subfield code="w">LC</marc:subfield>
         <marc:subfield code="c">1</marc:subfield>
         <marc:subfield code="i">30173000046077</marc:subfield>
         <marc:subfield code="d">1/20/2017</marc:subfield>
         <marc:subfield code="f">1/20/2017</marc:subfield>
         <marc:subfield code="g">3</marc:subfield>
         <marc:subfield code="l">STACKS</marc:subfield>
         <marc:subfield code="m">DEGEN_ROOM</marc:subfield>
         <marc:subfield code="r">Y</marc:subfield>
         <marc:subfield code="s">Y</marc:subfield>
         <marc:subfield code="t">BOOK</marc:subfield>
         <marc:subfield code="u">8/24/2006</marc:subfield>
      </marc:datafield>
   </marc:record>