
   <marc:record>
      <marc:leader>01788pam a22003374a 4500</marc:leader>
      <marc:controlfield tag="005">20050707101451.0</marc:controlfield>
      <marc:controlfield tag="008">041202r20051990nbu      b   s001 0ceng  </marc:controlfield>
      <marc:datafield tag="010" ind1=" " ind2=" ">
         <marc:subfield code="a">  2004028697</marc:subfield>
      </marc:datafield>
      <marc:datafield tag="020" ind1=" " ind2=" ">
         <marc:subfield code="a">0803280408 (pbk. : alk. paper)</marc:subfield>
      </marc:datafield>
      <marc:datafield tag="020" ind1=" " ind2=" ">
         <marc:subfield code="a">0860517403</marc:subfield>
      </marc:datafield>
      <marc:datafield tag="040" ind1=" " ind2=" ">
         <marc:subfield code="a">DLC</marc:subfield>
         <marc:subfield code="c">DLC</marc:subfield>
         <marc:subfield code="d">DLC</marc:subfield>
      </marc:datafield>
      <marc:datafield tag="100" ind1="1" ind2=" ">
         <marc:subfield code="a">Lees, Gene.</marc:subfield>
      </marc:datafield>
      <marc:datafield tag="245" ind1="1" ind2="4">
         <marc:subfield code="a">The musical worlds of Lerner and Loewe /</marc:subfield>
         <marc:subfield code="c">Gene Lees.</marc:subfield>
      </marc:datafield>
      <marc:datafield tag="260" ind1=" " ind2=" ">
         <marc:subfield code="a">Lincoln, Neb. :</marc:subfield>
         <marc:subfield code="b">University of Nebraska Press,</marc:subfield>
         <marc:subfield code="c">2005.</marc:subfield>
      </marc:datafield>
      <marc:datafield tag="300" ind1=" " ind2=" ">
         <marc:subfield code="a">350 p. ;</marc:subfield>
         <marc:subfield code="c">23 cm.</marc:subfield>
      </marc:datafield>
      <marc:datafield tag="500" ind1=" " ind2=" ">
         <marc:subfield code="a">Originally published: New York : St. Martin's Press, 1990.</marc:subfield>
      </marc:datafield>
      <marc:datafield tag="504" ind1=" " ind2=" ">
         <marc:subfield code="a">Includes bibliographical references (p. [334]-335) and index.</marc:subfield>
      </marc:datafield>
      <marc:datafield tag="505" ind1="0" ind2=" ">
         <marc:subfield code="a">The modes of music -- Fritz : the early years -- Alan : the early years -- On to Brigadoon -- An American in Paris -- Oscar night -- Pascal and Pygmalion -- The creation of a classic -- Fears and hesitations -- The show does go on -- My fair lady -- Maybe the chandeliers -- Gigi -- The road to Camelot -- Troubles in Toronto -- Camelot recovered -- Fritz walks away -- Drugs and divorce -- On a clear day -- Paint your wagon : the movie -- Coco -- Disaster with Bernstein -- The last musical -- Fallen angel -- Final days -- A legacy of songs.</marc:subfield>
      </marc:datafield>
      <marc:datafield tag="600" ind1="1" ind2="0">
         <marc:subfield code="a">Loewe, Frederick,</marc:subfield>
         <marc:subfield code="d">1901-1988.</marc:subfield>
      </marc:datafield>
      <marc:datafield tag="600" ind1="1" ind2="0">
         <marc:subfield code="a">Lerner, Alan Jay,</marc:subfield>
         <marc:subfield code="d">1918-</marc:subfield>
      </marc:datafield>
      <marc:datafield tag="650" ind1=" " ind2="0">
         <marc:subfield code="a">Composers</marc:subfield>
         <marc:subfield code="z">United States</marc:subfield>
         <marc:subfield code="v">Biography.</marc:subfield>
      </marc:datafield>
      <marc:datafield tag="650" ind1=" " ind2="0">
         <marc:subfield code="a">Librettists</marc:subfield>
         <marc:subfield code="z">United States</marc:subfield>
         <marc:subfield code="v">Biography.</marc:subfield>
      </marc:datafield>
      <marc:datafield tag="856" ind1="4" ind2="2">
         <marc:subfield code="3">Table of contents</marc:subfield>
         <marc:subfield code="u">http://www.loc.gov/catdir/toc/ecip054/2004028697.html</marc:subfield>
      </marc:datafield>
      <marc:datafield tag="990" ind1=" " ind2=" ">
         <marc:subfield code="a">39</marc:subfield>
      </marc:datafield>
      <marc:datafield tag="999" ind1=" " ind2=" ">
         <marc:subfield code="a">ML 410 .L7986 L4 2005</marc:subfield>
         <marc:subfield code="w">LC</marc:subfield>
         <marc:subfield code="c">1</marc:subfield>
         <marc:subfield code="i">30173000008598</marc:subfield>
         <marc:subfield code="d">2/23/2017</marc:subfield>
         <marc:subfield code="f">2/23/2017</marc:subfield>
         <marc:subfield code="g">3</marc:subfield>
         <marc:subfield code="l">STACKS</marc:subfield>
         <marc:subfield code="m">DEGEN_ROOM</marc:subfield>
         <marc:subfield code="r">Y</marc:subfield>
         <marc:subfield code="s">Y</marc:subfield>
         <marc:subfield code="t">BOOK</marc:subfield>
         <marc:subfield code="u">8/24/2006</marc:subfield>
      </marc:datafield>
   </marc:record>