
   <marc:record>
      <marc:leader>01387cam a22003738a 4500</marc:leader>
      <marc:controlfield tag="005">20060314133339.0</marc:controlfield>
      <marc:controlfield tag="008">060222s2006    ctu      b    000 0 eng  </marc:controlfield>
      <marc:datafield tag="010" ind1=" " ind2=" ">
         <marc:subfield code="a">  2006005490</marc:subfield>
      </marc:datafield>
      <marc:datafield tag="020" ind1=" " ind2=" ">
         <marc:subfield code="a">9780300115642 (paperbound)</marc:subfield>
      </marc:datafield>
      <marc:datafield tag="020" ind1=" " ind2=" ">
         <marc:subfield code="a">0300115644 (paperbound)</marc:subfield>
      </marc:datafield>
      <marc:datafield tag="040" ind1=" " ind2=" ">
         <marc:subfield code="a">DLC</marc:subfield>
         <marc:subfield code="c">DLC</marc:subfield>
         <marc:subfield code="d">DLC</marc:subfield>
      </marc:datafield>
      <marc:datafield tag="043" ind1=" " ind2=" ">
         <marc:subfield code="a">e-it---</marc:subfield>
      </marc:datafield>
      <marc:datafield tag="082" ind1="0" ind2="0">
         <marc:subfield code="a">822.3/3</marc:subfield>
         <marc:subfield code="2">22</marc:subfield>
      </marc:datafield>
      <marc:datafield tag="100" ind1="1" ind2=" ">
         <marc:subfield code="a">Shakespeare, William,</marc:subfield>
         <marc:subfield code="d">1564-1616.</marc:subfield>
      </marc:datafield>
      <marc:datafield tag="245" ind1="1" ind2="4">
         <marc:subfield code="a">The merchant of Venice /</marc:subfield>
         <marc:subfield code="c">William Shakespeare ; fully annotated, with an introduction, by Burton Raffel ; with an essay by Harold Bloom.</marc:subfield>
      </marc:datafield>
      <marc:datafield tag="260" ind1=" " ind2=" ">
         <marc:subfield code="a">New Haven :</marc:subfield>
         <marc:subfield code="b">Yale University Press,</marc:subfield>
         <marc:subfield code="c">c2006.</marc:subfield>
      </marc:datafield>
      <marc:datafield tag="263" ind1=" " ind2=" ">
         <marc:subfield code="a">0608</marc:subfield>
      </marc:datafield>
      <marc:datafield tag="300" ind1=" " ind2=" ">
         <marc:subfield code="a">p. cm.</marc:subfield>
      </marc:datafield>
      <marc:datafield tag="490" ind1="1" ind2=" ">
         <marc:subfield code="a">The annotated Shakespeare</marc:subfield>
      </marc:datafield>
      <marc:datafield tag="504" ind1=" " ind2=" ">
         <marc:subfield code="a">Includes bibliographical references.</marc:subfield>
      </marc:datafield>
      <marc:datafield tag="650" ind1=" " ind2="0">
         <marc:subfield code="a">Jews</marc:subfield>
         <marc:subfield code="z">Italy</marc:subfield>
         <marc:subfield code="v">Drama.</marc:subfield>
      </marc:datafield>
      <marc:datafield tag="650" ind1=" " ind2="0">
         <marc:subfield code="a">Moneylenders</marc:subfield>
         <marc:subfield code="v">Drama.</marc:subfield>
      </marc:datafield>
      <marc:datafield tag="651" ind1=" " ind2="0">
         <marc:subfield code="a">Venice (Italy)</marc:subfield>
         <marc:subfield code="v">Drama.</marc:subfield>
      </marc:datafield>
      <marc:datafield tag="700" ind1="1" ind2=" ">
         <marc:subfield code="a">Raffel, Burton.</marc:subfield>
      </marc:datafield>
      <marc:datafield tag="700" ind1="1" ind2=" ">
         <marc:subfield code="a">Bloom, Harold.</marc:subfield>
      </marc:datafield>
      <marc:datafield tag="800" ind1="1" ind2=" ">
         <marc:subfield code="a">Shakespeare, William,</marc:subfield>
         <marc:subfield code="d">1564-1616.</marc:subfield>
         <marc:subfield code="t">Works.</marc:subfield>
         <marc:subfield code="f">2003.</marc:subfield>
         <marc:subfield code="s">Yale University Press.</marc:subfield>
      </marc:datafield>
      <marc:datafield tag="856" ind1="4" ind2="2">
         <marc:subfield code="3">Table of contents</marc:subfield>
         <marc:subfield code="u">http://www.loc.gov/catdir/toc/ecip068/2006005490.html</marc:subfield>
      </marc:datafield>
      <marc:datafield tag="990" ind1=" " ind2=" ">
         <marc:subfield code="a">79</marc:subfield>
      </marc:datafield>
      <marc:datafield tag="999" ind1=" " ind2=" ">
         <marc:subfield code="a">PR 2825 .A2 R34 2006</marc:subfield>
         <marc:subfield code="w">LC</marc:subfield>
         <marc:subfield code="c">1</marc:subfield>
         <marc:subfield code="i">30173000047661</marc:subfield>
         <marc:subfield code="d">10/31/2016</marc:subfield>
         <marc:subfield code="e">10/4/2016</marc:subfield>
         <marc:subfield code="f">9/23/2010</marc:subfield>
         <marc:subfield code="g">2</marc:subfield>
         <marc:subfield code="l">STACKS</marc:subfield>
         <marc:subfield code="m">DEGEN_ROOM</marc:subfield>
         <marc:subfield code="n">1</marc:subfield>
         <marc:subfield code="r">Y</marc:subfield>
         <marc:subfield code="s">Y</marc:subfield>
         <marc:subfield code="t">BOOK</marc:subfield>
         <marc:subfield code="u">8/24/2006</marc:subfield>
      </marc:datafield>
   </marc:record>