
   <marc:record>
      <marc:leader>01611cam a22003371  4500</marc:leader>
      <marc:controlfield tag="008">740116s1910    enk           00000 eng  </marc:controlfield>
      <marc:datafield tag="040" ind1=" " ind2=" ">
         <marc:subfield code="c">ICBCL</marc:subfield>
         <marc:subfield code="d">ICBCL</marc:subfield>
      </marc:datafield>
      <marc:datafield tag="245" ind1="0" ind2="4">
         <marc:subfield code="a">The Minor Elizabethan drama ...</marc:subfield>
      </marc:datafield>
      <marc:datafield tag="260" ind1=" " ind2=" ">
         <marc:subfield code="a">London,</marc:subfield>
         <marc:subfield code="b">J. M. Dent;</marc:subfield>
         <marc:subfield code="a">New York,</marc:subfield>
         <marc:subfield code="b">E. P. Dutton</marc:subfield>
         <marc:subfield code="c">[1910]</marc:subfield>
      </marc:datafield>
      <marc:datafield tag="300" ind1=" " ind2=" ">
         <marc:subfield code="a">2 v.</marc:subfield>
         <marc:subfield code="c">18 cm.</marc:subfield>
      </marc:datafield>
      <marc:datafield tag="490" ind1="0" ind2=" ">
         <marc:subfield code="a">Everyman's library. Poetry and the drama, no. 491-492</marc:subfield>
      </marc:datafield>
      <marc:datafield tag="500" ind1=" " ind2=" ">
         <marc:subfield code="a">Introduction by Ashley Thorndike.</marc:subfield>
      </marc:datafield>
      <marc:datafield tag="504" ind1=" " ind2=" ">
         <marc:subfield code="a">Bibliography: v.1, p. xv; v.2, p. xv.</marc:subfield>
      </marc:datafield>
      <marc:datafield tag="505" ind1="0" ind2=" ">
         <marc:subfield code="a">v.1. Pre-Shakespearean tragedies: Gorboduc, by T. Norton and T. Sackville (Lord Buckhurst) Arden of Feversham. David and Bethsabe, by G. Peele. The Spanish tragedy, by T. Kyd. Glossary.--v.2 Pre-Shakespearean comedies: Ralph Roister Doister, by N. Udall. Endimion, by J. Lyly. The old wives' tale, by G. Peele. Friar Bacon and Friar Bungay, by R. Greene. James the Fourth, by R. Greene, Glossary.</marc:subfield>
      </marc:datafield>
      <marc:datafield tag="650" ind1=" " ind2="0">
         <marc:subfield code="a">English drama</marc:subfield>
         <marc:subfield code="x">Early modern and Elizabethan.</marc:subfield>
      </marc:datafield>
      <marc:datafield tag="700" ind1="1" ind2=" ">
         <marc:subfield code="a">Thorndike, Ashley Horace,</marc:subfield>
         <marc:subfield code="d">1871-1933,</marc:subfield>
         <marc:subfield code="e">ed.</marc:subfield>
      </marc:datafield>
      <marc:datafield tag="700" ind1="1" ind2="2">
         <marc:subfield code="a">Lyly, John,</marc:subfield>
         <marc:subfield code="d">1554?-1606.</marc:subfield>
      </marc:datafield>
      <marc:datafield tag="700" ind1="1" ind2="2">
         <marc:subfield code="a">Greene, Robert,</marc:subfield>
         <marc:subfield code="d">1558-1592.</marc:subfield>
      </marc:datafield>
      <marc:datafield tag="700" ind1="1" ind2="2">
         <marc:subfield code="a">Norton, Thomas,</marc:subfield>
         <marc:subfield code="d">1532-1584.</marc:subfield>
      </marc:datafield>
      <marc:datafield tag="700" ind1="1" ind2="2">
         <marc:subfield code="a">Dorset, Thomas Sackville,</marc:subfield>
         <marc:subfield code="c">1st earl of,</marc:subfield>
         <marc:subfield code="d">1536-1608.</marc:subfield>
      </marc:datafield>
      <marc:datafield tag="700" ind1="1" ind2="2">
         <marc:subfield code="a">Peele, George,</marc:subfield>
         <marc:subfield code="d">1558?-1597?</marc:subfield>
      </marc:datafield>
      <marc:datafield tag="700" ind1="1" ind2="2">
         <marc:subfield code="a">Kyd, Thomas,</marc:subfield>
         <marc:subfield code="d">1558-1594.</marc:subfield>
      </marc:datafield>
      <marc:datafield tag="700" ind1="1" ind2="2">
         <marc:subfield code="a">Udall Nicholas,</marc:subfield>
         <marc:subfield code="d">1505-1556.</marc:subfield>
      </marc:datafield>
      <marc:datafield tag="990" ind1=" " ind2=" ">
         <marc:subfield code="a">87</marc:subfield>
      </marc:datafield>
      <marc:datafield tag="999" ind1=" " ind2=" ">
         <marc:subfield code="a">PR 1262 .MX</marc:subfield>
         <marc:subfield code="w">LC</marc:subfield>
         <marc:subfield code="c">1</marc:subfield>
         <marc:subfield code="i">30173000065077</marc:subfield>
         <marc:subfield code="d">9/21/2010</marc:subfield>
         <marc:subfield code="f">9/21/2010</marc:subfield>
         <marc:subfield code="g">2</marc:subfield>
         <marc:subfield code="l">STACKS</marc:subfield>
         <marc:subfield code="m">DEGEN_ROOM</marc:subfield>
         <marc:subfield code="r">Y</marc:subfield>
         <marc:subfield code="s">Y</marc:subfield>
         <marc:subfield code="t">BOOK</marc:subfield>
         <marc:subfield code="u">8/24/2006</marc:subfield>
      </marc:datafield>
   </marc:record>