
   <marc:record>
      <marc:leader>01521nam a22003131  4500</marc:leader>
      <marc:controlfield tag="005">20050819191644.0</marc:controlfield>
      <marc:controlfield tag="008">741004s1928    enk      b    000 0 eng c</marc:controlfield>
      <marc:datafield tag="100" ind1="1" ind2=" ">
         <marc:subfield code="a">Hampden, John,</marc:subfield>
         <marc:subfield code="d">1898-</marc:subfield>
         <marc:subfield code="e">comp.</marc:subfield>
      </marc:datafield>
      <marc:datafield tag="245" ind1="1" ind2="0">
         <marc:subfield code="a">Eighteenth century plays,</marc:subfield>
         <marc:subfield code="c">selected by John Hampden.</marc:subfield>
      </marc:datafield>
      <marc:datafield tag="260" ind1=" " ind2=" ">
         <marc:subfield code="a">London,</marc:subfield>
         <marc:subfield code="a">Toronto,</marc:subfield>
         <marc:subfield code="b">J.M. Dent &amp; Sons, ltd.;</marc:subfield>
         <marc:subfield code="a">New York,</marc:subfield>
         <marc:subfield code="b">E.P. Dutton &amp; Co.</marc:subfield>
         <marc:subfield code="c">[1928]</marc:subfield>
      </marc:datafield>
      <marc:datafield tag="300" ind1=" " ind2=" ">
         <marc:subfield code="a">xxviii, 408 p.</marc:subfield>
         <marc:subfield code="c">18 cm.</marc:subfield>
      </marc:datafield>
      <marc:datafield tag="490" ind1="0" ind2=" ">
         <marc:subfield code="a">Everyman's library. Poetry and drama.</marc:subfield>
         <marc:subfield code="v">[no. 818]</marc:subfield>
      </marc:datafield>
      <marc:datafield tag="504" ind1=" " ind2=" ">
         <marc:subfield code="a">"Bibliographies": p. xx-xxiii.</marc:subfield>
      </marc:datafield>
      <marc:datafield tag="505" ind1="0" ind2=" ">
         <marc:subfield code="a">Prologue, by Samuel Johnson.--Cato, by Joseph Addison.--Jane Shore, by Nicholas Rowe.--The beggar's opera, by John Gay.--The tragedy of tragedies; or, Tom Thumb the Great, by Henry Fielding.--The London merchant; or, George Barnwell, by George Lillo.--The clandestine marriage, by George Colman and David Garrick.--The West Indian, by Richard Cumberland.</marc:subfield>
      </marc:datafield>
      <marc:datafield tag="650" ind1=" " ind2="0">
         <marc:subfield code="a">English drama</marc:subfield>
         <marc:subfield code="y">18th century.</marc:subfield>
      </marc:datafield>
      <marc:datafield tag="700" ind1="1" ind2=" ">
         <marc:subfield code="a">Addison, Joseph,</marc:subfield>
         <marc:subfield code="d">1672-1719.</marc:subfield>
      </marc:datafield>
      <marc:datafield tag="700" ind1="1" ind2=" ">
         <marc:subfield code="a">Rowe, Nicholas,</marc:subfield>
         <marc:subfield code="d">1674-1718.</marc:subfield>
      </marc:datafield>
      <marc:datafield tag="700" ind1="1" ind2=" ">
         <marc:subfield code="a">Gay, John,</marc:subfield>
         <marc:subfield code="d">1685-1732.</marc:subfield>
      </marc:datafield>
      <marc:datafield tag="700" ind1="1" ind2=" ">
         <marc:subfield code="a">Fielding, Henry,</marc:subfield>
         <marc:subfield code="d">1707-1754.</marc:subfield>
      </marc:datafield>
      <marc:datafield tag="700" ind1="1" ind2=" ">
         <marc:subfield code="a">Lillo, George,</marc:subfield>
         <marc:subfield code="d">1693-1739.</marc:subfield>
      </marc:datafield>
      <marc:datafield tag="700" ind1="1" ind2=" ">
         <marc:subfield code="a">Colman, George,</marc:subfield>
         <marc:subfield code="d">1732-1794.</marc:subfield>
      </marc:datafield>
      <marc:datafield tag="700" ind1="1" ind2=" ">
         <marc:subfield code="a">Garrick, David,</marc:subfield>
         <marc:subfield code="d">1717-1779.</marc:subfield>
      </marc:datafield>
      <marc:datafield tag="700" ind1="1" ind2=" ">
         <marc:subfield code="a">Cumberland, Richard,</marc:subfield>
         <marc:subfield code="d">1732-1811.</marc:subfield>
      </marc:datafield>
      <marc:datafield tag="990" ind1=" " ind2=" ">
         <marc:subfield code="a">88</marc:subfield>
      </marc:datafield>
      <marc:datafield tag="999" ind1=" " ind2=" ">
         <marc:subfield code="a">PR 1269 .H3 E 1964</marc:subfield>
         <marc:subfield code="w">LC</marc:subfield>
         <marc:subfield code="c">1</marc:subfield>
         <marc:subfield code="i">30173000040757</marc:subfield>
         <marc:subfield code="d">1/19/2017</marc:subfield>
         <marc:subfield code="e">7/9/2010</marc:subfield>
         <marc:subfield code="f">1/19/2017</marc:subfield>
         <marc:subfield code="g">3</marc:subfield>
         <marc:subfield code="l">STACKS</marc:subfield>
         <marc:subfield code="m">DEGEN_ROOM</marc:subfield>
         <marc:subfield code="n">1</marc:subfield>
         <marc:subfield code="r">Y</marc:subfield>
         <marc:subfield code="s">Y</marc:subfield>
         <marc:subfield code="t">BOOK</marc:subfield>
         <marc:subfield code="u">8/24/2006</marc:subfield>
      </marc:datafield>
   </marc:record>