
   <marc:record>
      <marc:leader>01401nam a2200265   4500</marc:leader>
      <marc:controlfield tag="007">sdufsngnn   ee</marc:controlfield>
      <marc:controlfield tag="008">060824s                      00100 ENG c</marc:controlfield>
      <marc:datafield tag="100" ind1="1" ind2=" ">
         <marc:subfield code="a">Lerner, Alan Jay,</marc:subfield>
         <marc:subfield code="d">1918-</marc:subfield>
      </marc:datafield>
      <marc:datafield tag="245" ind1="1" ind2="0">
         <marc:subfield code="a">Camelot</marc:subfield>
         <marc:subfield code="h">[sound recording] :</marc:subfield>
         <marc:subfield code="b">original London cast soundtrack /</marc:subfield>
         <marc:subfield code="c">songs by Alan Jay Lerner and Frederick Loewe.</marc:subfield>
      </marc:datafield>
      <marc:datafield tag="260" ind1=" " ind2=" ">
         <marc:subfield code="a">North Hollywood, CA :</marc:subfield>
         <marc:subfield code="b">Varese Sarabande,</marc:subfield>
         <marc:subfield code="c">1982.</marc:subfield>
      </marc:datafield>
      <marc:datafield tag="300" ind1=" " ind2=" ">
         <marc:subfield code="a">1 sound disc :</marc:subfield>
         <marc:subfield code="b">digital, stereo. ;</marc:subfield>
         <marc:subfield code="c">4 3/4 in.</marc:subfield>
      </marc:datafield>
      <marc:datafield tag="500" ind1=" " ind2=" ">
         <marc:subfield code="a">Compact disc. Analog recording.</marc:subfield>
      </marc:datafield>
      <marc:datafield tag="505" ind1="0" ind2=" ">
         <marc:subfield code="a">Overture -- I wonder what the king is doing tonight -- The simple joys of maidenhood -- Camelot -- Follow me -- C'est moi -- Lusty month of May -- How to handle a woman -- The jousts -- Before I gaze at you again -- Resolution -- Entr'acte -- Madrigal -- If ever I would leave you -- The seven deadly virtues -- Fie on goodness -- What do the simple folks do -- I loved you once in silence -- Guenevere.</marc:subfield>
      </marc:datafield>
      <marc:datafield tag="511" ind1="1" ind2=" ">
         <marc:subfield code="a">Richard Harris, Fiona Fullerton and Robert Meadmore.</marc:subfield>
      </marc:datafield>
      <marc:datafield tag="650" ind1=" " ind2="0">
         <marc:subfield code="a">Musical revues, comedies, etc.</marc:subfield>
      </marc:datafield>
      <marc:datafield tag="650" ind1=" " ind2="0">
         <marc:subfield code="a">Arthurian romances</marc:subfield>
         <marc:subfield code="x">Drama.</marc:subfield>
      </marc:datafield>
      <marc:datafield tag="700" ind1="1" ind2=" ">
         <marc:subfield code="a">Harris, Richard.</marc:subfield>
      </marc:datafield>
      <marc:datafield tag="700" ind1="1" ind2=" ">
         <marc:subfield code="a">Fullerton, Fiona.</marc:subfield>
      </marc:datafield>
      <marc:datafield tag="700" ind1="1" ind2=" ">
         <marc:subfield code="a">Meadmore, Robert.</marc:subfield>
      </marc:datafield>
      <marc:datafield tag="700" ind1="1" ind2=" ">
         <marc:subfield code="a">Loewe, Frederick,</marc:subfield>
         <marc:subfield code="d">1901-1988.</marc:subfield>
      </marc:datafield>
      <marc:datafield tag="990" ind1=" " ind2=" ">
         <marc:subfield code="a">114</marc:subfield>
      </marc:datafield>
      <marc:datafield tag="999" ind1=" " ind2=" ">
         <marc:subfield code="a">CD CAMELOT</marc:subfield>
         <marc:subfield code="w">AUTO</marc:subfield>
         <marc:subfield code="c">1</marc:subfield>
         <marc:subfield code="i">30173000088186</marc:subfield>
         <marc:subfield code="d">11/18/2013</marc:subfield>
         <marc:subfield code="e">11/13/2013</marc:subfield>
         <marc:subfield code="f">10/18/2010</marc:subfield>
         <marc:subfield code="g">2</marc:subfield>
         <marc:subfield code="l">STACKS</marc:subfield>
         <marc:subfield code="m">DEGEN_ROOM</marc:subfield>
         <marc:subfield code="n">1</marc:subfield>
         <marc:subfield code="r">N</marc:subfield>
         <marc:subfield code="s">Y</marc:subfield>
         <marc:subfield code="t">AV</marc:subfield>
         <marc:subfield code="u">8/24/2006</marc:subfield>
      </marc:datafield>
   </marc:record>