
   <marc:record>
      <marc:leader>01333nam a2200289   4500</marc:leader>
      <marc:controlfield tag="007">sdufsngnn   ee</marc:controlfield>
      <marc:controlfield tag="008">060824s                      00100 ENG c</marc:controlfield>
      <marc:datafield tag="028" ind1="0" ind2="2">
         <marc:subfield code="a">CK 3550</marc:subfield>
         <marc:subfield code="b">Columbia</marc:subfield>
      </marc:datafield>
      <marc:datafield tag="098" ind1="1" ind2="4">
         <marc:subfield code="a">K/COMP/COM/B 50</marc:subfield>
      </marc:datafield>
      <marc:datafield tag="100" ind1="1" ind2=" ">
         <marc:subfield code="a">Sondheim, Stephen.</marc:subfield>
      </marc:datafield>
      <marc:datafield tag="245" ind1="1" ind2="0">
         <marc:subfield code="a">Company</marc:subfield>
         <marc:subfield code="h">[sound recording] /</marc:subfield>
         <marc:subfield code="c">[music and lyrics by Stephen Sondheim].</marc:subfield>
      </marc:datafield>
      <marc:datafield tag="260" ind1=" " ind2=" ">
         <marc:subfield code="a">New York :</marc:subfield>
         <marc:subfield code="b">Columbia,</marc:subfield>
         <marc:subfield code="c">[1985]</marc:subfield>
      </marc:datafield>
      <marc:datafield tag="300" ind1=" " ind2=" ">
         <marc:subfield code="a">1 sound disc :</marc:subfield>
         <marc:subfield code="b">digital, stereo. ;</marc:subfield>
         <marc:subfield code="c">4 3/4 in. +</marc:subfield>
         <marc:subfield code="e">1 pamphlet.</marc:subfield>
      </marc:datafield>
      <marc:datafield tag="500" ind1=" " ind2=" ">
         <marc:subfield code="a">Compact disc. Analog recording.</marc:subfield>
      </marc:datafield>
      <marc:datafield tag="505" ind1="0" ind2=" ">
         <marc:subfield code="a">Company -- The little things you do together -- Sorry-grateful -- You could drive a person crazy -- Have I got a girl for you -- Someone is waiting -- Another hundred people -- Getting married today -- Side by side -- What would we do without you -- Poor baby -- Tick tock -- Barcelona-- The ladies who lunch -- Being alive -- Finale.</marc:subfield>
      </marc:datafield>
      <marc:datafield tag="511" ind1="0" ind2=" ">
         <marc:subfield code="a">Original (1970) Broadway cast recording featuring Dean Jones, Barbara Barrie and George Coe.</marc:subfield>
      </marc:datafield>
      <marc:datafield tag="650" ind1=" " ind2="0">
         <marc:subfield code="a">Musicals.</marc:subfield>
      </marc:datafield>
      <marc:datafield tag="700" ind1="1" ind2=" ">
         <marc:subfield code="a">Jones, Dean.</marc:subfield>
      </marc:datafield>
      <marc:datafield tag="700" ind1="1" ind2=" ">
         <marc:subfield code="a">Barrie, Barbara.</marc:subfield>
      </marc:datafield>
      <marc:datafield tag="700" ind1="1" ind2=" ">
         <marc:subfield code="a">Coe, George.</marc:subfield>
      </marc:datafield>
      <marc:datafield tag="990" ind1=" " ind2=" ">
         <marc:subfield code="a">115</marc:subfield>
      </marc:datafield>
      <marc:datafield tag="999" ind1=" " ind2=" ">
         <marc:subfield code="a">CD COMPANY, C.1</marc:subfield>
         <marc:subfield code="w">AUTO</marc:subfield>
         <marc:subfield code="c">1</marc:subfield>
         <marc:subfield code="i">30173000100940</marc:subfield>
         <marc:subfield code="d">2/20/2013</marc:subfield>
         <marc:subfield code="e">1/28/2013</marc:subfield>
         <marc:subfield code="f">10/18/2010</marc:subfield>
         <marc:subfield code="g">2</marc:subfield>
         <marc:subfield code="l">STACKS</marc:subfield>
         <marc:subfield code="m">DEGEN_ROOM</marc:subfield>
         <marc:subfield code="n">1</marc:subfield>
         <marc:subfield code="r">N</marc:subfield>
         <marc:subfield code="s">Y</marc:subfield>
         <marc:subfield code="t">AV</marc:subfield>
         <marc:subfield code="u">8/24/2006</marc:subfield>
      </marc:datafield>
   </marc:record>