
   <marc:record>
      <marc:leader>01155nam a2200289   4500</marc:leader>
      <marc:controlfield tag="007">ssurlsnjlcmunu</marc:controlfield>
      <marc:controlfield tag="008">060824s                      00100 ENG c</marc:controlfield>
      <marc:datafield tag="010" ind1=" " ind2=" ">
         <marc:subfield code="a">   86743006</marc:subfield>
      </marc:datafield>
      <marc:datafield tag="028" ind1="0" ind2="2">
         <marc:subfield code="a">340/341</marc:subfield>
         <marc:subfield code="b">New World</marc:subfield>
      </marc:datafield>
      <marc:datafield tag="098" ind1="1" ind2="4">
         <marc:subfield code="a">B/BERN/CAN/M 41</marc:subfield>
      </marc:datafield>
      <marc:datafield tag="100" ind1="1" ind2=" ">
         <marc:subfield code="a">Bernstein, Leonard,</marc:subfield>
         <marc:subfield code="d">1918-</marc:subfield>
      </marc:datafield>
      <marc:datafield tag="245" ind1="1" ind2="0">
         <marc:subfield code="a">Candide</marc:subfield>
         <marc:subfield code="h">[sound recording] /</marc:subfield>
         <marc:subfield code="c">music by Leonard Bernstein ; lyrics by Richard Wilbur.</marc:subfield>
      </marc:datafield>
      <marc:datafield tag="260" ind1=" " ind2=" ">
         <marc:subfield code="a">New York :</marc:subfield>
         <marc:subfield code="b">New World Records,</marc:subfield>
         <marc:subfield code="c">1986.</marc:subfield>
      </marc:datafield>
      <marc:datafield tag="300" ind1=" " ind2=" ">
         <marc:subfield code="a">2 sound cassettes (92 min.) :</marc:subfield>
         <marc:subfield code="b">digital, stereo.</marc:subfield>
      </marc:datafield>
      <marc:datafield tag="500" ind1=" " ind2=" ">
         <marc:subfield code="a">Missing Disk 2</marc:subfield>
      </marc:datafield>
      <marc:datafield tag="500" ind1=" " ind2=" ">
         <marc:subfield code="a">Adapted from the book by Voltaire.</marc:subfield>
      </marc:datafield>
      <marc:datafield tag="511" ind1="0" ind2=" ">
         <marc:subfield code="a">New York City Opera, with Erie Mills, David Eisler, John Lankston, Joyce Castle, Scott Reeve, Jack Harrold, James Billings, Maris Clement. Orchestra conducted by John Mauceri.</marc:subfield>
      </marc:datafield>
      <marc:datafield tag="650" ind1=" " ind2="0">
         <marc:subfield code="a">Operas.</marc:subfield>
      </marc:datafield>
      <marc:datafield tag="700" ind1="1" ind2=" ">
         <marc:subfield code="a">Mauceri, John.</marc:subfield>
      </marc:datafield>
      <marc:datafield tag="700" ind1="1" ind2=" ">
         <marc:subfield code="a">Mills, Erie.</marc:subfield>
      </marc:datafield>
      <marc:datafield tag="700" ind1="1" ind2=" ">
         <marc:subfield code="a">Eisler, David.</marc:subfield>
      </marc:datafield>
      <marc:datafield tag="990" ind1=" " ind2=" ">
         <marc:subfield code="a">116</marc:subfield>
      </marc:datafield>
      <marc:datafield tag="999" ind1=" " ind2=" ">
         <marc:subfield code="a">CD CANDIDE, C.2</marc:subfield>
         <marc:subfield code="w">AUTO</marc:subfield>
         <marc:subfield code="c">1</marc:subfield>
         <marc:subfield code="i">30173000088202</marc:subfield>
         <marc:subfield code="d">1/12/2011</marc:subfield>
         <marc:subfield code="e">4/11/2008</marc:subfield>
         <marc:subfield code="f">9/21/2010</marc:subfield>
         <marc:subfield code="g">3</marc:subfield>
         <marc:subfield code="l">UNKNOWN</marc:subfield>
         <marc:subfield code="m">DEGEN_ROOM</marc:subfield>
         <marc:subfield code="n">1</marc:subfield>
         <marc:subfield code="r">N</marc:subfield>
         <marc:subfield code="s">Y</marc:subfield>
         <marc:subfield code="t">AV</marc:subfield>
         <marc:subfield code="u">8/24/2006</marc:subfield>
         <marc:subfield code="o">.STAFF. Barcode does not match record</marc:subfield>
      </marc:datafield>
   </marc:record>