
   <marc:record>
      <marc:leader>01997nam a2200433   4500</marc:leader>
      <marc:controlfield tag="007">sd|fsngnnmmnee</marc:controlfield>
      <marc:controlfield tag="008">060824s                      00100 ENG c</marc:controlfield>
      <marc:datafield tag="024" ind1="1" ind2=" ">
         <marc:subfield code="a">07464326072</marc:subfield>
      </marc:datafield>
      <marc:datafield tag="028" ind1="0" ind2="2">
         <marc:subfield code="a">CK 32607</marc:subfield>
         <marc:subfield code="b">Columbia</marc:subfield>
      </marc:datafield>
      <marc:datafield tag="098" ind1="1" ind2="4">
         <marc:subfield code="a">K/GYPS/GYP/M 07</marc:subfield>
      </marc:datafield>
      <marc:datafield tag="100" ind1="1" ind2=" ">
         <marc:subfield code="a">Styne, Jule,</marc:subfield>
         <marc:subfield code="d">1905-</marc:subfield>
      </marc:datafield>
      <marc:datafield tag="240" ind1="0" ind2="0">
         <marc:subfield code="a">Gypsy</marc:subfield>
      </marc:datafield>
      <marc:datafield tag="245" ind1="1" ind2="0">
         <marc:subfield code="a">Ethel Merman in "Gypsy"</marc:subfield>
         <marc:subfield code="h">[sound recording] :</marc:subfield>
         <marc:subfield code="b">original Broadway cast /</marc:subfield>
         <marc:subfield code="c">[book by Arthur Laurents ; music by Jule Styne ; lyrics by Stephen Sondheim].</marc:subfield>
      </marc:datafield>
      <marc:datafield tag="246" ind1="3" ind2="0">
         <marc:subfield code="a">Gypsy</marc:subfield>
      </marc:datafield>
      <marc:datafield tag="260" ind1=" " ind2=" ">
         <marc:subfield code="a">New York :</marc:subfield>
         <marc:subfield code="b">Columbia,</marc:subfield>
         <marc:subfield code="c">[1986], c1973.</marc:subfield>
      </marc:datafield>
      <marc:datafield tag="300" ind1=" " ind2=" ">
         <marc:subfield code="a">1 sound disc :</marc:subfield>
         <marc:subfield code="b">digital ;</marc:subfield>
         <marc:subfield code="c">4 3/4 in.</marc:subfield>
      </marc:datafield>
      <marc:datafield tag="500" ind1=" " ind2=" ">
         <marc:subfield code="a">Compact disc.</marc:subfield>
      </marc:datafield>
      <marc:datafield tag="500" ind1=" " ind2=" ">
         <marc:subfield code="a">Musical suggested by the memoirs of Gypsy Rose Lee.</marc:subfield>
      </marc:datafield>
      <marc:datafield tag="500" ind1=" " ind2=" ">
         <marc:subfield code="a">Reissue of the 1959 recording.</marc:subfield>
      </marc:datafield>
      <marc:datafield tag="500" ind1=" " ind2=" ">
         <marc:subfield code="a">Include pamphlet (7 p.) with liner notes by Mort Goode.</marc:subfield>
      </marc:datafield>
      <marc:datafield tag="505" ind1="0" ind2=" ">
         <marc:subfield code="a">Overture -- Let me entertain you -- Some people -- Small world -- Baby June and her Newsboys -- Mr. Goldstone, I love you -- Little lamb -- You'll never get away from me -- Dainty June and her Farmboys -- If Mama was married -- All I need is the girl -- Everything's coming up roses -- Together wherever we go -- You gotta have a gimmick -- Let me entertain you -- Rose's turn.</marc:subfield>
      </marc:datafield>
      <marc:datafield tag="511" ind1="0" ind2=" ">
         <marc:subfield code="a">Ethel Merman, Jack Klugman, Sandra Church, vocals ; with orchestra ; Milton Rosenstock, musical director.</marc:subfield>
      </marc:datafield>
      <marc:datafield tag="600" ind1="1" ind2="0">
         <marc:subfield code="a">Lee, Gypsy Rose,</marc:subfield>
         <marc:subfield code="d">1914-1970</marc:subfield>
         <marc:subfield code="v">Drama.</marc:subfield>
      </marc:datafield>
      <marc:datafield tag="650" ind1=" " ind2="0">
         <marc:subfield code="a">Musicals.</marc:subfield>
      </marc:datafield>
      <marc:datafield tag="700" ind1="1" ind2=" ">
         <marc:subfield code="a">Sondheim, Stephen.</marc:subfield>
      </marc:datafield>
      <marc:datafield tag="700" ind1="1" ind2=" ">
         <marc:subfield code="a">Laurents, Arthur.</marc:subfield>
      </marc:datafield>
      <marc:datafield tag="700" ind1="1" ind2=" ">
         <marc:subfield code="a">Merman, Ethel.</marc:subfield>
         <marc:subfield code="4">prf</marc:subfield>
      </marc:datafield>
      <marc:datafield tag="700" ind1="1" ind2=" ">
         <marc:subfield code="a">Klugman, Jack.</marc:subfield>
         <marc:subfield code="4">prf</marc:subfield>
      </marc:datafield>
      <marc:datafield tag="700" ind1="1" ind2=" ">
         <marc:subfield code="a">Church, Sandra.</marc:subfield>
         <marc:subfield code="4">prf</marc:subfield>
      </marc:datafield>
      <marc:datafield tag="700" ind1="1" ind2=" ">
         <marc:subfield code="a">Rosenstock, Milton.</marc:subfield>
         <marc:subfield code="4">cnd</marc:subfield>
      </marc:datafield>
      <marc:datafield tag="990" ind1=" " ind2=" ">
         <marc:subfield code="a">118</marc:subfield>
      </marc:datafield>
      <marc:datafield tag="999" ind1=" " ind2=" ">
         <marc:subfield code="a">CD GYPSY. C.2</marc:subfield>
         <marc:subfield code="w">AUTO</marc:subfield>
         <marc:subfield code="c">1</marc:subfield>
         <marc:subfield code="i">30173000089317</marc:subfield>
         <marc:subfield code="d">10/18/2010</marc:subfield>
         <marc:subfield code="f">10/18/2010</marc:subfield>
         <marc:subfield code="g">2</marc:subfield>
         <marc:subfield code="l">STACKS</marc:subfield>
         <marc:subfield code="m">DEGEN_ROOM</marc:subfield>
         <marc:subfield code="r">N</marc:subfield>
         <marc:subfield code="s">Y</marc:subfield>
         <marc:subfield code="t">AV</marc:subfield>
         <marc:subfield code="u">8/24/2006</marc:subfield>
      </marc:datafield>
      <marc:datafield tag="999" ind1=" " ind2=" ">
         <marc:subfield code="a">CD GYPSY. C.2</marc:subfield>
         <marc:subfield code="w">AUTO</marc:subfield>
         <marc:subfield code="c">2</marc:subfield>
         <marc:subfield code="i">30173000089325</marc:subfield>
         <marc:subfield code="d">10/18/2010</marc:subfield>
         <marc:subfield code="f">10/18/2010</marc:subfield>
         <marc:subfield code="g">2</marc:subfield>
         <marc:subfield code="l">STACKS</marc:subfield>
         <marc:subfield code="m">DEGEN_ROOM</marc:subfield>
         <marc:subfield code="r">N</marc:subfield>
         <marc:subfield code="s">Y</marc:subfield>
         <marc:subfield code="t">AV</marc:subfield>
         <marc:subfield code="u">10/22/2007</marc:subfield>
      </marc:datafield>
   </marc:record>