
   <marc:record>
      <marc:leader>01693nam a2200349   4500</marc:leader>
      <marc:controlfield tag="007">sdufsngnn   ee</marc:controlfield>
      <marc:controlfield tag="008">060824s                      00100 ENG c</marc:controlfield>
      <marc:datafield tag="028" ind1="0" ind2="2">
         <marc:subfield code="a">CDP 7 46634 2</marc:subfield>
         <marc:subfield code="b">Capitol</marc:subfield>
      </marc:datafield>
      <marc:datafield tag="082" ind1=" " ind2=" ">
         <marc:subfield code="a">782.14</marc:subfield>
         <marc:subfield code="b">S938</marc:subfield>
      </marc:datafield>
      <marc:datafield tag="092" ind1=" " ind2=" ">
         <marc:subfield code="a">782.14</marc:subfield>
         <marc:subfield code="b">S938</marc:subfield>
      </marc:datafield>
      <marc:datafield tag="098" ind1="1" ind2="4">
         <marc:subfield code="a">K/FUNN/FG/S 34</marc:subfield>
      </marc:datafield>
      <marc:datafield tag="100" ind1="1" ind2=" ">
         <marc:subfield code="a">Styne, Jule,</marc:subfield>
         <marc:subfield code="d">1905-</marc:subfield>
      </marc:datafield>
      <marc:datafield tag="245" ind1="1" ind2="0">
         <marc:subfield code="a">Funny girl</marc:subfield>
         <marc:subfield code="h">[sound recording] /</marc:subfield>
         <marc:subfield code="c">music by Jule Styne ; lyrics by Robert Merrill.</marc:subfield>
      </marc:datafield>
      <marc:datafield tag="260" ind1=" " ind2=" ">
         <marc:subfield code="a">Hollywood, Calif. :</marc:subfield>
         <marc:subfield code="b">Capitol</marc:subfield>
         <marc:subfield code="c">[1987], p1964.</marc:subfield>
      </marc:datafield>
      <marc:datafield tag="300" ind1=" " ind2=" ">
         <marc:subfield code="a">1 sound disc :</marc:subfield>
         <marc:subfield code="b">digital, stereo. ;</marc:subfield>
         <marc:subfield code="c">4 3/4 in. +</marc:subfield>
         <marc:subfield code="e">1 pamphlet.</marc:subfield>
      </marc:datafield>
      <marc:datafield tag="500" ind1=" " ind2=" ">
         <marc:subfield code="a">Compact disc. Analog recording.</marc:subfield>
      </marc:datafield>
      <marc:datafield tag="500" ind1=" " ind2=" ">
         <marc:subfield code="a">Musical. -- Book by Isobel Lennart, based on her original story about Fanny Brice.</marc:subfield>
      </marc:datafield>
      <marc:datafield tag="505" ind1="0" ind2=" ">
         <marc:subfield code="a">Overture -- If a girl isn't pretty -- I'm the greatest star -- Cornet man -- Who taught her everything -- His love makes me beautiful -- I want to be seen with you tonight -- Henry street -- People -- You are woman -- Don't rain on my parade -- Sadie, Sadie -- Find yourself a man -- Rat-tat-tat-tat -- Who are you now? -- The music that makes me dance -- Don't rain on my parade (reprise).</marc:subfield>
      </marc:datafield>
      <marc:datafield tag="511" ind1="0" ind2=" ">
         <marc:subfield code="a">Original Broadway cast, starring Barbra Streisand and Sydney Chaplin ; orchestra and chorus conducted by Milton Rosenstock.</marc:subfield>
      </marc:datafield>
      <marc:datafield tag="600" ind1="1" ind2="0">
         <marc:subfield code="a">Brice, Fanny</marc:subfield>
         <marc:subfield code="x">Drama.</marc:subfield>
      </marc:datafield>
      <marc:datafield tag="650" ind1=" " ind2="0">
         <marc:subfield code="a">Musicals.</marc:subfield>
      </marc:datafield>
      <marc:datafield tag="700" ind1="1" ind2=" ">
         <marc:subfield code="a">Merrill, Bob.</marc:subfield>
      </marc:datafield>
      <marc:datafield tag="700" ind1="1" ind2=" ">
         <marc:subfield code="a">Streisand, Barbra.</marc:subfield>
      </marc:datafield>
      <marc:datafield tag="700" ind1="1" ind2=" ">
         <marc:subfield code="a">Chaplin, Sydney.</marc:subfield>
      </marc:datafield>
      <marc:datafield tag="700" ind1="1" ind2=" ">
         <marc:subfield code="a">Rosenstock, Milton.</marc:subfield>
      </marc:datafield>
      <marc:datafield tag="700" ind1="1" ind2=" ">
         <marc:subfield code="a">Lennart, Isobel.</marc:subfield>
         <marc:subfield code="t">Funny girl.</marc:subfield>
      </marc:datafield>
      <marc:datafield tag="990" ind1=" " ind2=" ">
         <marc:subfield code="a">119</marc:subfield>
      </marc:datafield>
      <marc:datafield tag="999" ind1=" " ind2=" ">
         <marc:subfield code="a">CD FUNNY GIRL, C.1</marc:subfield>
         <marc:subfield code="w">AUTO</marc:subfield>
         <marc:subfield code="c">1</marc:subfield>
         <marc:subfield code="i">30173000088350</marc:subfield>
         <marc:subfield code="d">10/18/2010</marc:subfield>
         <marc:subfield code="f">10/18/2010</marc:subfield>
         <marc:subfield code="g">2</marc:subfield>
         <marc:subfield code="l">STACKS</marc:subfield>
         <marc:subfield code="m">DEGEN_ROOM</marc:subfield>
         <marc:subfield code="r">N</marc:subfield>
         <marc:subfield code="s">Y</marc:subfield>
         <marc:subfield code="t">AV</marc:subfield>
         <marc:subfield code="u">8/24/2006</marc:subfield>
      </marc:datafield>
   </marc:record>