
   <marc:record>
      <marc:leader>01784nam a2200397   4500</marc:leader>
      <marc:controlfield tag="007">sdufsngnnmmned</marc:controlfield>
      <marc:controlfield tag="008">060824s                      00100 ENG c</marc:controlfield>
      <marc:datafield tag="024" ind1="1" ind2=" ">
         <marc:subfield code="a">1612671002</marc:subfield>
      </marc:datafield>
      <marc:datafield tag="028" ind1="0" ind2="2">
         <marc:subfield code="a">01612-67100-2</marc:subfield>
         <marc:subfield code="b">Musicmasters Classics</marc:subfield>
      </marc:datafield>
      <marc:datafield tag="043" ind1=" " ind2=" ">
         <marc:subfield code="a">f-sa---</marc:subfield>
      </marc:datafield>
      <marc:datafield tag="100" ind1="1" ind2=" ">
         <marc:subfield code="a">Weill, Kurt,</marc:subfield>
         <marc:subfield code="d">1900-1950.</marc:subfield>
      </marc:datafield>
      <marc:datafield tag="245" ind1="1" ind2="0">
         <marc:subfield code="a">Lost in the stars</marc:subfield>
         <marc:subfield code="h">[sound recording] /</marc:subfield>
         <marc:subfield code="c">[music by] Kurt Weill ; [libretto by] Maxwell Anderson.</marc:subfield>
      </marc:datafield>
      <marc:datafield tag="260" ind1=" " ind2=" ">
         <marc:subfield code="a">Ocean, NJ :</marc:subfield>
         <marc:subfield code="b">Musicmasters Classics,</marc:subfield>
         <marc:subfield code="c">p1993.</marc:subfield>
      </marc:datafield>
      <marc:datafield tag="300" ind1=" " ind2=" ">
         <marc:subfield code="a">1 sound disc (71 min., 41 sec.) :</marc:subfield>
         <marc:subfield code="b">digital ;</marc:subfield>
         <marc:subfield code="c">4 3/4 in.</marc:subfield>
      </marc:datafield>
      <marc:datafield tag="500" ind1=" " ind2=" ">
         <marc:subfield code="a">Compact disc.</marc:subfield>
      </marc:datafield>
      <marc:datafield tag="500" ind1=" " ind2=" ">
         <marc:subfield code="a">A musical play based on Cry, the beloved country, by Alan Paton.</marc:subfield>
      </marc:datafield>
      <marc:datafield tag="500" ind1=" " ind2=" ">
         <marc:subfield code="a">Program notes by Julius Rudel, notes on the composer, librettist, and performers, synopsis by David Kilroy in English with French and German translations, and English libretto (39 p. : ports.) in container.</marc:subfield>
      </marc:datafield>
      <marc:datafield tag="511" ind1="0" ind2=" ">
         <marc:subfield code="a">Starring Gregory Hopkins, Arthur Woodley, Cynthia Clarey, Carol Woods, Reginald Pindell, Jamal Howard; Orchestra of St. Luke's; Concert Chorale of New York; Julius Rudel, conductor.</marc:subfield>
      </marc:datafield>
      <marc:datafield tag="518" ind1=" " ind2=" ">
         <marc:subfield code="a">Recorded at BMG Studio B, New York City, May 18, 19, and 21, 1992.</marc:subfield>
      </marc:datafield>
      <marc:datafield tag="650" ind1=" " ind2="0">
         <marc:subfield code="a">Musicals.</marc:subfield>
      </marc:datafield>
      <marc:datafield tag="651" ind1=" " ind2="0">
         <marc:subfield code="a">South Africa</marc:subfield>
         <marc:subfield code="x">Drama.</marc:subfield>
      </marc:datafield>
      <marc:datafield tag="700" ind1="1" ind2=" ">
         <marc:subfield code="a">Anderson, Maxwell,</marc:subfield>
         <marc:subfield code="d">1888-1959.</marc:subfield>
      </marc:datafield>
      <marc:datafield tag="700" ind1="1" ind2=" ">
         <marc:subfield code="a">Rudel, Julius.</marc:subfield>
      </marc:datafield>
      <marc:datafield tag="700" ind1="1" ind2=" ">
         <marc:subfield code="a">Hopkins, Gregory.</marc:subfield>
      </marc:datafield>
      <marc:datafield tag="700" ind1="1" ind2=" ">
         <marc:subfield code="a">Woodley, Arthur.</marc:subfield>
      </marc:datafield>
      <marc:datafield tag="700" ind1="1" ind2=" ">
         <marc:subfield code="a">Woods, Carol.</marc:subfield>
      </marc:datafield>
      <marc:datafield tag="700" ind1="1" ind2=" ">
         <marc:subfield code="a">Pindell, Reginald.</marc:subfield>
      </marc:datafield>
      <marc:datafield tag="700" ind1="1" ind2=" ">
         <marc:subfield code="a">Howard, Jamal.</marc:subfield>
      </marc:datafield>
      <marc:datafield tag="700" ind1="1" ind2=" ">
         <marc:subfield code="a">Clarey, Cynthia.</marc:subfield>
      </marc:datafield>
      <marc:datafield tag="700" ind1="1" ind2=" ">
         <marc:subfield code="a">Paton, Alan.</marc:subfield>
         <marc:subfield code="t">Cry, the beloved country.</marc:subfield>
      </marc:datafield>
      <marc:datafield tag="710" ind1="2" ind2=" ">
         <marc:subfield code="a">Orchestra of St. Luke's.</marc:subfield>
      </marc:datafield>
      <marc:datafield tag="710" ind1="2" ind2=" ">
         <marc:subfield code="a">Concert Chorale of New York.</marc:subfield>
      </marc:datafield>
      <marc:datafield tag="990" ind1=" " ind2=" ">
         <marc:subfield code="a">125</marc:subfield>
      </marc:datafield>
      <marc:datafield tag="999" ind1=" " ind2=" ">
         <marc:subfield code="a">CD LOST IN THE STARS</marc:subfield>
         <marc:subfield code="w">AUTO</marc:subfield>
         <marc:subfield code="c">1</marc:subfield>
         <marc:subfield code="i">30173000090414</marc:subfield>
         <marc:subfield code="d">10/18/2010</marc:subfield>
         <marc:subfield code="f">10/18/2010</marc:subfield>
         <marc:subfield code="g">3</marc:subfield>
         <marc:subfield code="l">STACKS</marc:subfield>
         <marc:subfield code="m">DEGEN_ROOM</marc:subfield>
         <marc:subfield code="r">N</marc:subfield>
         <marc:subfield code="s">Y</marc:subfield>
         <marc:subfield code="t">AV</marc:subfield>
         <marc:subfield code="u">8/24/2006</marc:subfield>
      </marc:datafield>
   </marc:record>