
   <marc:record>
      <marc:leader>02165nam a2200385   4500</marc:leader>
      <marc:controlfield tag="005">20000530052718.0</marc:controlfield>
      <marc:controlfield tag="007">sd|fsngnnmmned</marc:controlfield>
      <marc:controlfield tag="008">060824s                      00100 ENG c</marc:controlfield>
      <marc:datafield tag="024" ind1="1" ind2=" ">
         <marc:subfield code="a">605288129629</marc:subfield>
      </marc:datafield>
      <marc:datafield tag="028" ind1="0" ind2="2">
         <marc:subfield code="a">CDJAY2 1296</marc:subfield>
         <marc:subfield code="b">Jay Productions</marc:subfield>
      </marc:datafield>
      <marc:datafield tag="082" ind1="0" ind2="4">
         <marc:subfield code="a">782.1'4</marc:subfield>
         <marc:subfield code="b">POR</marc:subfield>
      </marc:datafield>
      <marc:datafield tag="100" ind1="1" ind2=" ">
         <marc:subfield code="a">Porter, Cole,</marc:subfield>
         <marc:subfield code="d">1891-1964.</marc:subfield>
      </marc:datafield>
      <marc:datafield tag="245" ind1="1" ind2="0">
         <marc:subfield code="a">Kiss me, Kate</marc:subfield>
         <marc:subfield code="h">[sound recording] /</marc:subfield>
         <marc:subfield code="c">music and lyrics by Cole Porter.</marc:subfield>
      </marc:datafield>
      <marc:datafield tag="260" ind1=" " ind2=" ">
         <marc:subfield code="a">England :</marc:subfield>
         <marc:subfield code="b">Jay Productions,</marc:subfield>
         <marc:subfield code="c">p1996.</marc:subfield>
      </marc:datafield>
      <marc:datafield tag="300" ind1=" " ind2=" ">
         <marc:subfield code="a">2 sound discs :</marc:subfield>
         <marc:subfield code="b">digital, stereo. ;</marc:subfield>
         <marc:subfield code="c">4 3/4 in.</marc:subfield>
      </marc:datafield>
      <marc:datafield tag="500" ind1=" " ind2=" ">
         <marc:subfield code="a">Compact discs.</marc:subfield>
      </marc:datafield>
      <marc:datafield tag="500" ind1=" " ind2=" ">
         <marc:subfield code="a">Based on the book by Bella and Samuel Spewack and the play by Shakespeare.</marc:subfield>
      </marc:datafield>
      <marc:datafield tag="505" ind1="0" ind2=" ">
         <marc:subfield code="a">disc 1. Overture (6:52) -- Another op'nin', another show (6:20) -- Why can't you behave (2:26) -- Wunderbar (3:12) -- So in love (3:50) -- We open in Venice (4:48) -- Tom, Dick or Harry (3:06) -- Rose dance (1:48) -- I've come to wive it wealthily in Padua (2:20) -- I hate men (3:37) -- Were thine that special face (5:42) -- I sing of love (2:22) -- Dance (Tarantella) (2:55) -- Finale act one (2:38). disc 2. Entr'acte (4:10) -- Too darn hot (7:10) -- Where is the life that late I led? (4:18) -- Always true to you in my fashion (4:18) -- Bianca (4:04) -- So in love (reprise) (2:20) -- Brush up your Shakespeare (5:19) -- I am ashamed that women are so simple (1:57) -- Shrew/Grand Finale (2:07) -- Can can overture (4:43) -- Jubilee overture (5:44) -- Out of this world overture (4:43).</marc:subfield>
      </marc:datafield>
      <marc:datafield tag="511" ind1="1" ind2=" ">
         <marc:subfield code="a">Thomas Allen, Diana Montague, Graham Bickley, Diane Langton ; John Owen Edwards, conductor.</marc:subfield>
      </marc:datafield>
      <marc:datafield tag="518" ind1=" " ind2=" ">
         <marc:subfield code="a">Recorded at Abbey Road Studios, London on December 22-25, 1993.</marc:subfield>
      </marc:datafield>
      <marc:datafield tag="650" ind1=" " ind2="0">
         <marc:subfield code="a">Musicals.</marc:subfield>
      </marc:datafield>
      <marc:datafield tag="700" ind1="1" ind2=" ">
         <marc:subfield code="a">Allen, Thomas.</marc:subfield>
      </marc:datafield>
      <marc:datafield tag="700" ind1="1" ind2=" ">
         <marc:subfield code="a">Montague, Diana.</marc:subfield>
      </marc:datafield>
      <marc:datafield tag="700" ind1="1" ind2=" ">
         <marc:subfield code="a">Bickley, Graham.</marc:subfield>
      </marc:datafield>
      <marc:datafield tag="700" ind1="1" ind2=" ">
         <marc:subfield code="a">Langton, Diane,</marc:subfield>
      </marc:datafield>
      <marc:datafield tag="700" ind1="1" ind2=" ">
         <marc:subfield code="a">Owen Edwards, John.</marc:subfield>
      </marc:datafield>
      <marc:datafield tag="700" ind1="1" ind2=" ">
         <marc:subfield code="a">Shakespeare, William,</marc:subfield>
         <marc:subfield code="d">1564-1611.</marc:subfield>
         <marc:subfield code="t">Taming of the shrew.</marc:subfield>
      </marc:datafield>
      <marc:datafield tag="990" ind1=" " ind2=" ">
         <marc:subfield code="a">126</marc:subfield>
      </marc:datafield>
      <marc:datafield tag="999" ind1=" " ind2=" ">
         <marc:subfield code="a">CD KISS ME KATE, C.1</marc:subfield>
         <marc:subfield code="w">AUTO</marc:subfield>
         <marc:subfield code="c">1</marc:subfield>
         <marc:subfield code="i">30173000090182</marc:subfield>
         <marc:subfield code="d">10/18/2010</marc:subfield>
         <marc:subfield code="f">10/18/2010</marc:subfield>
         <marc:subfield code="g">2</marc:subfield>
         <marc:subfield code="l">STACKS</marc:subfield>
         <marc:subfield code="m">DEGEN_ROOM</marc:subfield>
         <marc:subfield code="r">N</marc:subfield>
         <marc:subfield code="s">Y</marc:subfield>
         <marc:subfield code="t">AV</marc:subfield>
         <marc:subfield code="u">8/24/2006</marc:subfield>
      </marc:datafield>
   </marc:record>