
   <marc:record>
      <marc:leader>02019nam a2200385   4500</marc:leader>
      <marc:controlfield tag="005">20000530052715.0</marc:controlfield>
      <marc:controlfield tag="007">sd|fsngnnmmned</marc:controlfield>
      <marc:controlfield tag="008">060824s                      00100 ENG c</marc:controlfield>
      <marc:datafield tag="024" ind1="1" ind2=" ">
         <marc:subfield code="a">605288129421</marc:subfield>
      </marc:datafield>
      <marc:datafield tag="028" ind1="0" ind2="2">
         <marc:subfield code="a">CDJAY2 1294</marc:subfield>
         <marc:subfield code="b">Jay Productions</marc:subfield>
      </marc:datafield>
      <marc:datafield tag="100" ind1="1" ind2=" ">
         <marc:subfield code="a">Loesser, Frank,</marc:subfield>
         <marc:subfield code="d">1910-1969.</marc:subfield>
      </marc:datafield>
      <marc:datafield tag="245" ind1="1" ind2="0">
         <marc:subfield code="a">Guys and dolls</marc:subfield>
         <marc:subfield code="h">[sound recording] /</marc:subfield>
         <marc:subfield code="c">music and lyrics by Frank Loesser.</marc:subfield>
      </marc:datafield>
      <marc:datafield tag="260" ind1=" " ind2=" ">
         <marc:subfield code="a">England :</marc:subfield>
         <marc:subfield code="b">Jay Productions,</marc:subfield>
         <marc:subfield code="c">p1996.</marc:subfield>
      </marc:datafield>
      <marc:datafield tag="300" ind1=" " ind2=" ">
         <marc:subfield code="a">2 sound discs :</marc:subfield>
         <marc:subfield code="b">digital, stereo. ;</marc:subfield>
         <marc:subfield code="c">4 3/4 in..</marc:subfield>
      </marc:datafield>
      <marc:datafield tag="500" ind1=" " ind2=" ">
         <marc:subfield code="a">Compact discs.</marc:subfield>
      </marc:datafield>
      <marc:datafield tag="500" ind1=" " ind2=" ">
         <marc:subfield code="a">Musical based on a story by Damon Runyon.</marc:subfield>
      </marc:datafield>
      <marc:datafield tag="505" ind1="0" ind2=" ">
         <marc:subfield code="a">disc 1. Overture -- Runyonland -- Fugue for tinhorns -- Follow the fold -- The oldest established -- I'll know -- A bushel and a peck -- Adelaide's lament -- Guys and dolls -- Havana -- If I were a bell -- My time of day/I've never been in love before -- Finale act one. disc 2. Entr'acte -- Take back your mink -- Adelaide's second lament -- More I cannot wish you -- The crapshooters' dance -- Luck be a lady -- Sue me -- Sit down, you're rockin' the boat -- Adelaide meets Sarah -- Marry the man today -- The happy ending -- A woman in love (from the movie) -- Pet me poppa (from the movie) -- Adelaide (from the movie) -- Travelling light (cut from the original production).</marc:subfield>
      </marc:datafield>
      <marc:datafield tag="511" ind1="1" ind2=" ">
         <marc:subfield code="a">Emily Loesser, Greg Edelman, Kim Criswell, Tim Flavin, Don Stephenson, Nicolas Colicos, David Green ; John Owen Edwards, conductor.</marc:subfield>
      </marc:datafield>
      <marc:datafield tag="518" ind1=" " ind2=" ">
         <marc:subfield code="a">Recorded at Abbey Road Studios, London on June 5-8, 1995.</marc:subfield>
      </marc:datafield>
      <marc:datafield tag="650" ind1=" " ind2="0">
         <marc:subfield code="a">Musicals.</marc:subfield>
      </marc:datafield>
      <marc:datafield tag="700" ind1="1" ind2=" ">
         <marc:subfield code="a">Runyon, Damon.</marc:subfield>
      </marc:datafield>
      <marc:datafield tag="700" ind1="1" ind2=" ">
         <marc:subfield code="a">Loesser, Emily.</marc:subfield>
      </marc:datafield>
      <marc:datafield tag="700" ind1="1" ind2=" ">
         <marc:subfield code="a">Edelman, Greg.</marc:subfield>
      </marc:datafield>
      <marc:datafield tag="700" ind1="1" ind2=" ">
         <marc:subfield code="a">Criswell, Kim.</marc:subfield>
      </marc:datafield>
      <marc:datafield tag="700" ind1="1" ind2=" ">
         <marc:subfield code="a">Flavin, Tim.</marc:subfield>
      </marc:datafield>
      <marc:datafield tag="700" ind1="1" ind2=" ">
         <marc:subfield code="a">Stephenson, Donald.</marc:subfield>
      </marc:datafield>
      <marc:datafield tag="700" ind1="1" ind2=" ">
         <marc:subfield code="a">Owen Edwards, John</marc:subfield>
      </marc:datafield>
      <marc:datafield tag="990" ind1=" " ind2=" ">
         <marc:subfield code="a">127</marc:subfield>
      </marc:datafield>
      <marc:datafield tag="999" ind1=" " ind2=" ">
         <marc:subfield code="a">CD GUYS AND DOLLS, C.1</marc:subfield>
         <marc:subfield code="w">AUTO</marc:subfield>
         <marc:subfield code="c">1</marc:subfield>
         <marc:subfield code="i">30173000089333</marc:subfield>
         <marc:subfield code="d">10/18/2010</marc:subfield>
         <marc:subfield code="f">10/18/2010</marc:subfield>
         <marc:subfield code="g">2</marc:subfield>
         <marc:subfield code="l">STACKS</marc:subfield>
         <marc:subfield code="m">DEGEN_ROOM</marc:subfield>
         <marc:subfield code="r">N</marc:subfield>
         <marc:subfield code="s">Y</marc:subfield>
         <marc:subfield code="t">AV</marc:subfield>
         <marc:subfield code="u">8/24/2006</marc:subfield>
      </marc:datafield>
   </marc:record>