
   <marc:record>
      <marc:leader>02237nam a2200337   4500</marc:leader>
      <marc:controlfield tag="005">20000530052723.0</marc:controlfield>
      <marc:controlfield tag="008">060824s                      00100 ENG c</marc:controlfield>
      <marc:datafield tag="100" ind1="1" ind2=" ">
         <marc:subfield code="a">Schmidt, Harvey.</marc:subfield>
      </marc:datafield>
      <marc:datafield tag="245" ind1="1" ind2="0">
         <marc:subfield code="a">110 in the shade</marc:subfield>
         <marc:subfield code="h">[sound recording] /</marc:subfield>
         <marc:subfield code="c">book by N. Richard Nash ; music by Harvey Schmidt ; lyrics by Tom Jones.</marc:subfield>
      </marc:datafield>
      <marc:datafield tag="246" ind1="3" ind2=" ">
         <marc:subfield code="a">One hundred and ten in the shade</marc:subfield>
      </marc:datafield>
      <marc:datafield tag="246" ind1="3" ind2=" ">
         <marc:subfield code="a">One hundred ten in the shade</marc:subfield>
      </marc:datafield>
      <marc:datafield tag="260" ind1=" " ind2=" ">
         <marc:subfield code="a">England :</marc:subfield>
         <marc:subfield code="b">Jay Productions,</marc:subfield>
         <marc:subfield code="c">p1999.</marc:subfield>
      </marc:datafield>
      <marc:datafield tag="300" ind1=" " ind2=" ">
         <marc:subfield code="a">2 sound discs :</marc:subfield>
         <marc:subfield code="b">digital, stereo. ;</marc:subfield>
         <marc:subfield code="c">4 3/4 in.</marc:subfield>
      </marc:datafield>
      <marc:datafield tag="500" ind1=" " ind2=" ">
         <marc:subfield code="a">Compact discs.</marc:subfield>
      </marc:datafield>
      <marc:datafield tag="500" ind1=" " ind2=" ">
         <marc:subfield code="a">Based on: The rainmaker / N. Richard Nash.</marc:subfield>
      </marc:datafield>
      <marc:datafield tag="505" ind1="0" ind2=" ">
         <marc:subfield code="a">disc 1. Overture (4:25) -- Gonna be another hot day (4:11) -- Train whistle/Lizzie's comin' home (2:36) -- Love, don't turn away (3:37) -- Opening scene two/Poker polka (2:16) -- The hungry men (3:46) -- Starbuck's entrance/Rain song (5:07) -- You're not foolin' me (4:40) -- Cinderella (0:48) -- Raunchy (2:50) -- A man and a woman (3:36) -- Finale act one/Old maid (3:51). disc 2. Entr'acte (0:44) -- Everything beautiful happens at night/dance (reprise) (8:03) -- End of scene (0:44) -- Melisande (4:54) -- Simple little things (3:24) -- Scene/Incidental music (1:41) -- Little red hat (2:37) -- Is it really me? (5:32) -- Wonderful music (4:33) -- Fianle act two/Rain song (1:54) -- Curtain music (1:27) -- Exit music (1:53). Bonus tracks from the New York City Opera production: Everything beautiful happens at night/Shooting star (4:23) -- You're not fooling me (1:57) -- Raunchy (3:31) -- Is it really me? (4:12) -- Why can't they leave me alone? (2:40).</marc:subfield>
      </marc:datafield>
      <marc:datafield tag="511" ind1="1" ind2=" ">
         <marc:subfield code="a">Rona Raines, Karen Ziemba, Richard Muenz ; John Owen Edwards, conductor.</marc:subfield>
      </marc:datafield>
      <marc:datafield tag="518" ind1=" " ind2=" ">
         <marc:subfield code="a">Recorded at Abbey Road Studios, London on October 21-24, 1997 and Clinton Studios, New York on November 7-9, 1997.</marc:subfield>
      </marc:datafield>
      <marc:datafield tag="650" ind1=" " ind2="0">
         <marc:subfield code="a">Musicals.</marc:subfield>
      </marc:datafield>
      <marc:datafield tag="700" ind1="1" ind2=" ">
         <marc:subfield code="a">Nash, N. Richard.</marc:subfield>
      </marc:datafield>
      <marc:datafield tag="700" ind1="1" ind2=" ">
         <marc:subfield code="a">Jones, Tom,</marc:subfield>
         <marc:subfield code="d">1928-</marc:subfield>
      </marc:datafield>
      <marc:datafield tag="700" ind1="1" ind2=" ">
         <marc:subfield code="a">Raines, Ron.</marc:subfield>
      </marc:datafield>
      <marc:datafield tag="700" ind1="1" ind2=" ">
         <marc:subfield code="a">Ziemba, Karen.</marc:subfield>
      </marc:datafield>
      <marc:datafield tag="700" ind1="1" ind2=" ">
         <marc:subfield code="a">Muenz, Richard.</marc:subfield>
      </marc:datafield>
      <marc:datafield tag="700" ind1="1" ind2=" ">
         <marc:subfield code="a">Owen Edwards, John.</marc:subfield>
      </marc:datafield>
      <marc:datafield tag="990" ind1=" " ind2=" ">
         <marc:subfield code="a">128</marc:subfield>
      </marc:datafield>
      <marc:datafield tag="999" ind1=" " ind2=" ">
         <marc:subfield code="a">CD 110 IN THE SHADE</marc:subfield>
         <marc:subfield code="w">AUTO</marc:subfield>
         <marc:subfield code="c">1</marc:subfield>
         <marc:subfield code="i">30173000085133</marc:subfield>
         <marc:subfield code="d">10/18/2010</marc:subfield>
         <marc:subfield code="f">10/18/2010</marc:subfield>
         <marc:subfield code="g">2</marc:subfield>
         <marc:subfield code="l">STACKS</marc:subfield>
         <marc:subfield code="m">DEGEN_ROOM</marc:subfield>
         <marc:subfield code="r">N</marc:subfield>
         <marc:subfield code="s">Y</marc:subfield>
         <marc:subfield code="t">AV</marc:subfield>
         <marc:subfield code="u">8/24/2006</marc:subfield>
      </marc:datafield>
   </marc:record>