
   <marc:record>
      <marc:leader>01933nam a2200265   4500</marc:leader>
      <marc:controlfield tag="008">060824s1995                  00100 ENG c</marc:controlfield>
      <marc:datafield tag="100" ind1="1" ind2=" ">
         <marc:subfield code="a">Ono, Yoko.</marc:subfield>
      </marc:datafield>
      <marc:datafield tag="245" ind1="1" ind2="0">
         <marc:subfield code="a">New York rock</marc:subfield>
         <marc:subfield code="h">[sound recording] :</marc:subfield>
         <marc:subfield code="b">original cast recording /</marc:subfield>
         <marc:subfield code="c">written and composed by Yoko Ono.</marc:subfield>
      </marc:datafield>
      <marc:datafield tag="260" ind1=" " ind2=" ">
         <marc:subfield code="a">Hollywood, CA :</marc:subfield>
         <marc:subfield code="b">Capitol,</marc:subfield>
         <marc:subfield code="c">p1995.</marc:subfield>
      </marc:datafield>
      <marc:datafield tag="300" ind1=" " ind2=" ">
         <marc:subfield code="a">1 sound disc :</marc:subfield>
         <marc:subfield code="b">digital ;</marc:subfield>
         <marc:subfield code="c">4 3/4 in.</marc:subfield>
      </marc:datafield>
      <marc:datafield tag="500" ind1=" " ind2=" ">
         <marc:subfield code="a">Compact disc.</marc:subfield>
      </marc:datafield>
      <marc:datafield tag="500" ind1=" " ind2=" ">
         <marc:subfield code="a">Musical.</marc:subfield>
      </marc:datafield>
      <marc:datafield tag="500" ind1=" " ind2=" ">
         <marc:subfield code="a">Lyrics in pamphlet inserted in container.</marc:subfield>
      </marc:datafield>
      <marc:datafield tag="505" ind1="0" ind2=" ">
         <marc:subfield code="a">It happened (Mother) (1:25) -- I'll always be with you (2:27) -- Speck of dust (2:09) -- Midsummer New York (1:58) -- What a bastard the world is (3:19) -- Loneliness (3:09) -- Give me something (1:21) -- Light on the other side 01:58) -- Tomorrow may never come (1:54) -- Don't be scared (3:14) -- Growing pain (2:37) -- Warzone (1:41) -- Never say goodbye (4:17) -- O'sanity (2:19) -- I want my love to rest tonight (4:15) -- I felt like smashing my face in a clear glass window (3:04) -- Now or never (3:20) -- We're all water (3:04) -- Yes, I'm your angel (2:44) -- It happened (Jill) (1:28) -- Where do we go from here (2:02) -- Sleepless night (2:00) -- No, no, no (1:34) -- Even when you're far away (3:02) -- Hell in paradise (2:47) -- Toyboat (2:59) -- Story of an oak tree (2:18) -- Goodbye sadness (4:10).</marc:subfield>
      </marc:datafield>
      <marc:datafield tag="511" ind1="0" ind2=" ">
         <marc:subfield code="a">New York Rock Cast: Jan Horvath, Sean Dooley, Pat McRoberts, Lynnette Perry, Pete Herber, Walter O'Neil, Paul Mahos, Aaron Blackshear, Evan Ferrante, and Peter Kim ; Jason Robert Brown, keyboards, conductor.</marc:subfield>
      </marc:datafield>
      <marc:datafield tag="518" ind1=" " ind2=" ">
         <marc:subfield code="a">Recorded at Quad Recording, Studio A, N.Y.C.</marc:subfield>
      </marc:datafield>
      <marc:datafield tag="650" ind1=" " ind2="0">
         <marc:subfield code="a">Musicals.</marc:subfield>
      </marc:datafield>
      <marc:datafield tag="650" ind1=" " ind2="0">
         <marc:subfield code="a">Rock music</marc:subfield>
         <marc:subfield code="y">1991-2000.</marc:subfield>
      </marc:datafield>
      <marc:datafield tag="700" ind1="1" ind2=" ">
         <marc:subfield code="a">Horvath, Jan.</marc:subfield>
      </marc:datafield>
      <marc:datafield tag="700" ind1="1" ind2=" ">
         <marc:subfield code="a">Dooley, Sean.</marc:subfield>
      </marc:datafield>
      <marc:datafield tag="700" ind1="1" ind2=" ">
         <marc:subfield code="a">McRoberts, Pat.</marc:subfield>
      </marc:datafield>
      <marc:datafield tag="700" ind1="1" ind2=" ">
         <marc:subfield code="a">Perry, Lynette.</marc:subfield>
      </marc:datafield>
      <marc:datafield tag="700" ind1="1" ind2=" ">
         <marc:subfield code="a">Brown, Jason Robert.</marc:subfield>
      </marc:datafield>
      <marc:datafield tag="990" ind1=" " ind2=" ">
         <marc:subfield code="a">130</marc:subfield>
      </marc:datafield>
      <marc:datafield tag="999" ind1=" " ind2=" ">
         <marc:subfield code="a">XX(10231.1)</marc:subfield>
         <marc:subfield code="w">AUTO</marc:subfield>
         <marc:subfield code="c">1</marc:subfield>
         <marc:subfield code="i">30173000098987</marc:subfield>
         <marc:subfield code="d">10/18/2010</marc:subfield>
         <marc:subfield code="f">10/18/2010</marc:subfield>
         <marc:subfield code="g">2</marc:subfield>
         <marc:subfield code="l">STACKS</marc:subfield>
         <marc:subfield code="m">DEGEN_ROOM</marc:subfield>
         <marc:subfield code="r">N</marc:subfield>
         <marc:subfield code="s">Y</marc:subfield>
         <marc:subfield code="t">AV</marc:subfield>
         <marc:subfield code="u">8/24/2006</marc:subfield>
      </marc:datafield>
   </marc:record>