
   <marc:record>
      <marc:leader>02422nam a2200289   4500</marc:leader>
      <marc:controlfield tag="008">060824s1997                  00100 ENG c</marc:controlfield>
      <marc:datafield tag="100" ind1="1" ind2=" ">
         <marc:subfield code="a">Weill, Kurt,</marc:subfield>
         <marc:subfield code="d">1900-1950.</marc:subfield>
      </marc:datafield>
      <marc:datafield tag="245" ind1="1" ind2="0">
         <marc:subfield code="a">Lady in the dark</marc:subfield>
         <marc:subfield code="h">[sound recording] /</marc:subfield>
         <marc:subfield code="c">Kurt Weill ; [lyrics by Ira Gershwin ; book by Moss Hart].</marc:subfield>
      </marc:datafield>
      <marc:datafield tag="260" ind1=" " ind2=" ">
         <marc:subfield code="a">[Austria] :</marc:subfield>
         <marc:subfield code="b">Sony Classical,</marc:subfield>
         <marc:subfield code="c">p1997.</marc:subfield>
      </marc:datafield>
      <marc:datafield tag="300" ind1=" " ind2=" ">
         <marc:subfield code="a">1 sound disc :</marc:subfield>
         <marc:subfield code="b">digital, mono. ;</marc:subfield>
         <marc:subfield code="c">4 3/4 in.</marc:subfield>
      </marc:datafield>
      <marc:datafield tag="500" ind1=" " ind2=" ">
         <marc:subfield code="a">Compact disc.</marc:subfield>
      </marc:datafield>
      <marc:datafield tag="500" ind1=" " ind2=" ">
         <marc:subfield code="a">Tracks 1-13 are the abridged musical (original 1963 studio cast recording); tracks 14-19 are excerpts from the musical sung by Danny Kaye.</marc:subfield>
      </marc:datafield>
      <marc:datafield tag="500" ind1=" " ind2=" ">
         <marc:subfield code="a">Originally released in 1963 (tracks 1-13) and 1941 (tracks 14-19).</marc:subfield>
      </marc:datafield>
      <marc:datafield tag="500" ind1=" " ind2=" ">
         <marc:subfield code="a">Program notes and synopsis by Mario R. Mercado in English with German and French translations in booklet (39 p. : ill.).</marc:subfield>
      </marc:datafield>
      <marc:datafield tag="500" ind1=" " ind2=" ">
         <marc:subfield code="a">Sony Classical: MHK 62869 (additional number 01-062869-10).</marc:subfield>
      </marc:datafield>
      <marc:datafield tag="505" ind1="0" ind2=" ">
         <marc:subfield code="a">Glamour dream: Oh fabulous one (5:34) ; Huxley (2:25) ; One life to live (2:32) ; Girl of the moment (2:26). Wedding dream: Liza, Liza (2:10) ; Mapleton High chorale (2:29) ; This is new (2:58) ; The princess of pure delight (5:33). Circus dream: The greatest show on earth (2:56) ; The best years of his life (2:45) ; Tschaikowsky [Tchaikowsky] (2:26) ; The saga of Jenny (5:54). Childhood dream: My ship (3:03) -- One life to live (2:48) -- The princess of pure delight (2:44) -- It's never too late to Mendelssohn (2:23) -- Tschaikowsky and other Russians (3:15) -- Jenny (3:17) -- My ship (3:01).</marc:subfield>
      </marc:datafield>
      <marc:datafield tag="511" ind1="0" ind2=" ">
         <marc:subfield code="a">Rise Stevens, Adolph Green, John Reardon, Stephanie Augustine, Kenneth Bridges, Roger White ; with supporting cast, chorus, and orchestra ; Lehman Engel, conductor (tracks 1-13) ; Danny Kaye ; with supporting chorus and orchestra ; Maurice Abravanel, conductor (tracks 14-19).</marc:subfield>
      </marc:datafield>
      <marc:datafield tag="518" ind1=" " ind2=" ">
         <marc:subfield code="a">Tracks 1-13 recorded Jan. 23, 1963 and May 22, 1963 at Columbia 30th Street Studios, New York City; tracks 14 &amp; 16 recorded Mar. 24, 1941 at Liederkranz Hall, New York City; tracks 15, 17-19 recorded Feb. 28, 1941 also at Liederkranz Hall,</marc:subfield>
      </marc:datafield>
      <marc:datafield tag="700" ind1="1" ind2=" ">
         <marc:subfield code="a">Gershwin, Ira,</marc:subfield>
         <marc:subfield code="d">1896-</marc:subfield>
      </marc:datafield>
      <marc:datafield tag="700" ind1="1" ind2=" ">
         <marc:subfield code="a">Stevens, Rise,</marc:subfield>
         <marc:subfield code="d">1913-</marc:subfield>
      </marc:datafield>
      <marc:datafield tag="700" ind1="1" ind2=" ">
         <marc:subfield code="a">Green, Adolph.</marc:subfield>
      </marc:datafield>
      <marc:datafield tag="700" ind1="1" ind2=" ">
         <marc:subfield code="a">Reardon, John,</marc:subfield>
         <marc:subfield code="d">1930-1988.</marc:subfield>
      </marc:datafield>
      <marc:datafield tag="700" ind1="1" ind2=" ">
         <marc:subfield code="a">Engel, Lehman,</marc:subfield>
         <marc:subfield code="d">1910-</marc:subfield>
      </marc:datafield>
      <marc:datafield tag="700" ind1="1" ind2=" ">
         <marc:subfield code="a">Kaye, Danny.</marc:subfield>
      </marc:datafield>
      <marc:datafield tag="700" ind1="1" ind2=" ">
         <marc:subfield code="a">Abravanel, Maurice,</marc:subfield>
         <marc:subfield code="d">1903-</marc:subfield>
      </marc:datafield>
      <marc:datafield tag="990" ind1=" " ind2=" ">
         <marc:subfield code="a">133</marc:subfield>
      </marc:datafield>
      <marc:datafield tag="999" ind1=" " ind2=" ">
         <marc:subfield code="a">CD LADY IN THE DARK , C.1</marc:subfield>
         <marc:subfield code="w">AUTO</marc:subfield>
         <marc:subfield code="c">1</marc:subfield>
         <marc:subfield code="i">30173000099076</marc:subfield>
         <marc:subfield code="d">10/18/2010</marc:subfield>
         <marc:subfield code="f">10/18/2010</marc:subfield>
         <marc:subfield code="g">2</marc:subfield>
         <marc:subfield code="l">STACKS</marc:subfield>
         <marc:subfield code="m">DEGEN_ROOM</marc:subfield>
         <marc:subfield code="r">N</marc:subfield>
         <marc:subfield code="s">Y</marc:subfield>
         <marc:subfield code="t">AV</marc:subfield>
         <marc:subfield code="u">8/24/2006</marc:subfield>
      </marc:datafield>
   </marc:record>