
   <marc:record>
      <marc:leader>02440nam a2200217   4500</marc:leader>
      <marc:controlfield tag="008">060824s1978                  00100 ENG c</marc:controlfield>
      <marc:datafield tag="100" ind1="1" ind2=" ">
         <marc:subfield code="a">Bray, John,</marc:subfield>
         <marc:subfield code="d">1782-1822.</marc:subfield>
      </marc:datafield>
      <marc:datafield tag="245" ind1="1" ind2="4">
         <marc:subfield code="a">The Indian princess</marc:subfield>
         <marc:subfield code="h">[sound recording] /</marc:subfield>
         <marc:subfield code="c">John Bray. The Ethiop / Raynor Taylor.</marc:subfield>
      </marc:datafield>
      <marc:datafield tag="260" ind1=" " ind2=" ">
         <marc:subfield code="a">New York, N.Y. :</marc:subfield>
         <marc:subfield code="b">New World Records,</marc:subfield>
         <marc:subfield code="c">[1996], p1978.</marc:subfield>
      </marc:datafield>
      <marc:datafield tag="300" ind1=" " ind2=" ">
         <marc:subfield code="a">1 sound disc :</marc:subfield>
         <marc:subfield code="b">digital ;</marc:subfield>
         <marc:subfield code="c">4 3/4 in.</marc:subfield>
      </marc:datafield>
      <marc:datafield tag="500" ind1=" " ind2=" ">
         <marc:subfield code="a">Compact disc.</marc:subfield>
      </marc:datafield>
      <marc:datafield tag="500" ind1=" " ind2=" ">
         <marc:subfield code="a">Texts by James Nelson Barker (1st work) and William Dimond, Jr. (2nd work).</marc:subfield>
      </marc:datafield>
      <marc:datafield tag="500" ind1=" " ind2=" ">
         <marc:subfield code="a">Program notes by Victor Fell Yellin and librettos (31 p.) in container.</marc:subfield>
      </marc:datafield>
      <marc:datafield tag="505" ind1=" " ind2=" ">
         <marc:subfield code="a">1. The Indian Princess: Chorus   2. The Indian Princess: Song: 'Ever, Ever Cheery!'   3. The Indian Princess: Song: 'Och! Hubbaboo! Gramachree! Hone!'   4. The Indian Princess: Dialogue Quartetto   5. The Indian Princess: Finale To The First Act   6. The Indian Princess: Incidental Music To Act Two, Scene 2: Smith Brought In Prisoner; Smith Is Led To The Block; The Princess Leads Smith To The Throne; She Supplicates The King For His Pardon; Smith Is Pardoned - General Joy Diffused   7. The Indian Princess: Song: 'Fair Geraldine'   8. The Indian Princess: Glee: 'Without A Penny Of Money'   9. The Indian Princess: Song: 'When The Midnight Of Absence'   10. The Indian Princess: Song: 'Careless Ned'   11. The Indian Princess: Song: 'Captain Smith'   12. The Indian Princess: Finale   13. The Ethiop: Overture   14. The Ethiop: Symphony: 'While Cephania Comes On In Her Barge'   15. The Ethiop: Chorus: 'Queen Of The East'   16. The Ethiop: Air: 'The Camel's Bell'   17. The Ethiop: Trio: 'Mighty Man! If I Surrender'   18. The Ethiop: Duet: 'How Boon Are The Hours'   19. The Ethiop: Chorus: 'The Bezestein'   20. The Ethiop: Musical Colloquy   21. The Ethiop: Subterranean Chorus   22. The Ethiop: Chorus: 'Address Of Conspirators To Orasmyn'   23. The Ethiop: Accompanied Recitative: 'Nourreddin At The Top Of The Catacomb'   24. The Ethiop: Chorus: Solo, Semi-chorus, And Chorus Of Conspirators  25. The Ethiop: Pas seul   26. The Ethiop: Song: 'Corner Houses'   27. The Ethiop: Air: 'These Keys Can A Treasure Unfold'   28. The Ethiop: Finale</marc:subfield>
      </marc:datafield>
      <marc:datafield tag="700" ind1="1" ind2=" ">
         <marc:subfield code="a">Baldon, John.</marc:subfield>
      </marc:datafield>
      <marc:datafield tag="700" ind1="1" ind2=" ">
         <marc:subfield code="a">Yellin, Victor Fell.</marc:subfield>
      </marc:datafield>
      <marc:datafield tag="700" ind1="1" ind2=" ">
         <marc:subfield code="a">Barker, James Nelson.</marc:subfield>
      </marc:datafield>
      <marc:datafield tag="700" ind1="1" ind2=" ">
         <marc:subfield code="a">Dimond, William</marc:subfield>
      </marc:datafield>
      <marc:datafield tag="700" ind1="1" ind2="2">
         <marc:subfield code="a">Taylor, R.</marc:subfield>
      </marc:datafield>
      <marc:datafield tag="990" ind1=" " ind2=" ">
         <marc:subfield code="a">134</marc:subfield>
      </marc:datafield>
      <marc:datafield tag="999" ind1=" " ind2=" ">
         <marc:subfield code="a">CD INDIAN PRINCESS</marc:subfield>
         <marc:subfield code="w">AUTO</marc:subfield>
         <marc:subfield code="c">1</marc:subfield>
         <marc:subfield code="i">30173000089960</marc:subfield>
         <marc:subfield code="d">10/18/2010</marc:subfield>
         <marc:subfield code="f">10/18/2010</marc:subfield>
         <marc:subfield code="g">2</marc:subfield>
         <marc:subfield code="l">STACKS</marc:subfield>
         <marc:subfield code="m">DEGEN_ROOM</marc:subfield>
         <marc:subfield code="r">N</marc:subfield>
         <marc:subfield code="s">Y</marc:subfield>
         <marc:subfield code="t">AV</marc:subfield>
         <marc:subfield code="u">8/24/2006</marc:subfield>
      </marc:datafield>
   </marc:record>