
   <marc:record>
      <marc:leader>02472nam a2200325   4500</marc:leader>
      <marc:controlfield tag="005">20001128162349.0</marc:controlfield>
      <marc:controlfield tag="008">060824s                      00100 ENG c</marc:controlfield>
      <marc:datafield tag="100" ind1="1" ind2=" ">
         <marc:subfield code="a">Berlin, Irving,</marc:subfield>
         <marc:subfield code="d">1888-</marc:subfield>
      </marc:datafield>
      <marc:datafield tag="240" ind1="1" ind2="0">
         <marc:subfield code="a">Annie get your gun.</marc:subfield>
         <marc:subfield code="k">Selections</marc:subfield>
      </marc:datafield>
      <marc:datafield tag="245" ind1="1" ind2="0">
         <marc:subfield code="a">Annie get your gun</marc:subfield>
         <marc:subfield code="h">[sound recording] /</marc:subfield>
         <marc:subfield code="c">[music and lyrics by] Irving Berlin.</marc:subfield>
      </marc:datafield>
      <marc:datafield tag="260" ind1=" " ind2=" ">
         <marc:subfield code="a">New York :</marc:subfield>
         <marc:subfield code="b">Universal Classics Group,</marc:subfield>
         <marc:subfield code="c">cp2000.</marc:subfield>
      </marc:datafield>
      <marc:datafield tag="300" ind1=" " ind2=" ">
         <marc:subfield code="a">1 sound disc :</marc:subfield>
         <marc:subfield code="b">digital, stereo ;</marc:subfield>
         <marc:subfield code="c">4 3/4 in. +</marc:subfield>
         <marc:subfield code="e">1 pamphlet.</marc:subfield>
      </marc:datafield>
      <marc:datafield tag="500" ind1=" " ind2=" ">
         <marc:subfield code="a">Compact disc.</marc:subfield>
      </marc:datafield>
      <marc:datafield tag="500" ind1=" " ind2=" ">
         <marc:subfield code="a">"A Decca Broadway original cast album"--Container.</marc:subfield>
      </marc:datafield>
      <marc:datafield tag="500" ind1=" " ind2=" ">
         <marc:subfield code="a">Originally released as Decca album DA-468, July 8, 1946.</marc:subfield>
      </marc:datafield>
      <marc:datafield tag="500" ind1=" " ind2=" ">
         <marc:subfield code="a">Bonus tracks: Ethel Merman sings Annie get your gun, originally released as London Phase 4 stereo album, XPS 905, released June 1, 1973.</marc:subfield>
      </marc:datafield>
      <marc:datafield tag="505" ind1="0" ind2=" ">
         <marc:subfield code="a">Doin' what comes naturally (Ethel Merman) (3:19) -- The girl that I marry (Ray Middleton) (3:04) -- You can't get a man with a gun (Ethel Merman) (3:08) -- There's no business like show business (William O'Neal, Marty May, Ray Middleton &amp; Ethel Merman) (3:07) -- They say it's wonderful (Ethel Merman &amp; Ray Middleton) (3:01) -- Moonshie lullaby (Ethel Merman, John Garth III, Clyde Turner &amp; Leon Bibb) (3:09) -- My defenses are down (Ray Middleton &amp; male chorus) (3:21) -- I'm an indian too (Ethel Merman &amp; chorus) (2:42) -- I got lost in his arms (Ethel Merman &amp; chorus) (2:42) -- Who do you love, I hope? (Robert Lenn &amp; Kathleen Carnes) (2:54) -- I got the sun in the morning (Ethel Merman &amp; chorus) (2:51) -- Anything you can do (Ethel Merman &amp; Ray Middleton) (3:06) -- Bonus tracks: Overture (Orchestra) (4:38) -- Colonel Buffalo Bill (Leslie Fyson, Benay Venuta &amp; chorus) (2:20) -- I'm a bad, bad man (Neilson Taylor &amp; chorus) (2:34) -- An old-fashioned wedding (Ethel Merman &amp; Neilson Taylor) (2:46).</marc:subfield>
      </marc:datafield>
      <marc:datafield tag="511" ind1="0" ind2=" ">
         <marc:subfield code="a">Featuring Ethel Merman with Ray Middleton and other members of the original New York cast ; with orchestra and chorus under the direction of Jay Blackton.</marc:subfield>
      </marc:datafield>
      <marc:datafield tag="518" ind1=" " ind2=" ">
         <marc:subfield code="a">Original cast album recorded May 26 &amp; 28, 1946.</marc:subfield>
      </marc:datafield>
      <marc:datafield tag="600" ind1="1" ind2="0">
         <marc:subfield code="a">Oakley, Annie,</marc:subfield>
         <marc:subfield code="d">1860-1926</marc:subfield>
         <marc:subfield code="x">Drama.</marc:subfield>
      </marc:datafield>
      <marc:datafield tag="650" ind1=" " ind2="0">
         <marc:subfield code="a">Musicals</marc:subfield>
         <marc:subfield code="x">Excerpts.</marc:subfield>
      </marc:datafield>
      <marc:datafield tag="700" ind1="1" ind2=" ">
         <marc:subfield code="a">Merman, Ethel.</marc:subfield>
         <marc:subfield code="4">prf</marc:subfield>
      </marc:datafield>
      <marc:datafield tag="700" ind1="1" ind2=" ">
         <marc:subfield code="a">Middleton, Ray.</marc:subfield>
         <marc:subfield code="4">prf</marc:subfield>
      </marc:datafield>
      <marc:datafield tag="700" ind1="1" ind2=" ">
         <marc:subfield code="a">Blackton, Jay.</marc:subfield>
         <marc:subfield code="4">prf</marc:subfield>
      </marc:datafield>
      <marc:datafield tag="990" ind1=" " ind2=" ">
         <marc:subfield code="a">135</marc:subfield>
      </marc:datafield>
      <marc:datafield tag="999" ind1=" " ind2=" ">
         <marc:subfield code="a">CD ANNIE GET YOUR GUN</marc:subfield>
         <marc:subfield code="w">AUTO</marc:subfield>
         <marc:subfield code="c">1</marc:subfield>
         <marc:subfield code="i">30173000085091</marc:subfield>
         <marc:subfield code="d">11/18/2013</marc:subfield>
         <marc:subfield code="e">11/13/2013</marc:subfield>
         <marc:subfield code="f">10/18/2010</marc:subfield>
         <marc:subfield code="g">2</marc:subfield>
         <marc:subfield code="l">STACKS</marc:subfield>
         <marc:subfield code="m">DEGEN_ROOM</marc:subfield>
         <marc:subfield code="n">1</marc:subfield>
         <marc:subfield code="r">N</marc:subfield>
         <marc:subfield code="s">Y</marc:subfield>
         <marc:subfield code="t">AV</marc:subfield>
         <marc:subfield code="u">8/24/2006</marc:subfield>
      </marc:datafield>
   </marc:record>