
   <marc:record>
      <marc:leader>00735pam a22002051i 4500</marc:leader>
      <marc:controlfield tag="008">780213r18991902mauc          00010ceng  </marc:controlfield>
      <marc:datafield tag="040" ind1=" " ind2=" ">
         <marc:subfield code="a">MvI</marc:subfield>
         <marc:subfield code="c">MvI</marc:subfield>
         <marc:subfield code="d">MvI</marc:subfield>
      </marc:datafield>
      <marc:datafield tag="100" ind1="1" ind2=" ">
         <marc:subfield code="a">Strang, Lewis Clinton,</marc:subfield>
         <marc:subfield code="d">1869-1935.</marc:subfield>
      </marc:datafield>
      <marc:datafield tag="245" ind1="1" ind2="0">
         <marc:subfield code="a">Famous actors of the day in America,</marc:subfield>
         <marc:subfield code="c">by Lewis C. Strang ...</marc:subfield>
      </marc:datafield>
      <marc:datafield tag="260" ind1=" " ind2=" ">
         <marc:subfield code="a">Boston :</marc:subfield>
         <marc:subfield code="b">L.C. Page and company,</marc:subfield>
         <marc:subfield code="c">1900-02 [1899-1901].</marc:subfield>
      </marc:datafield>
      <marc:datafield tag="300" ind1=" " ind2=" ">
         <marc:subfield code="a">2 v. :</marc:subfield>
         <marc:subfield code="b">front., ports. ;</marc:subfield>
         <marc:subfield code="c">17 1/2 cm.</marc:subfield>
      </marc:datafield>
      <marc:datafield tag="490" ind1="0" ind2=" ">
         <marc:subfield code="a">Stage lover's series</marc:subfield>
      </marc:datafield>
      <marc:datafield tag="650" ind1=" " ind2="0">
         <marc:subfield code="a">Actors, American.</marc:subfield>
      </marc:datafield>
      <marc:datafield tag="990" ind1=" " ind2=" ">
         <marc:subfield code="a">139</marc:subfield>
      </marc:datafield>
      <marc:datafield tag="999" ind1=" " ind2=" ">
         <marc:subfield code="a">PS 2285 .S75</marc:subfield>
         <marc:subfield code="w">LC</marc:subfield>
         <marc:subfield code="c">1</marc:subfield>
         <marc:subfield code="i">30173000045830</marc:subfield>
         <marc:subfield code="d">9/27/2010</marc:subfield>
         <marc:subfield code="f">9/27/2010</marc:subfield>
         <marc:subfield code="g">2</marc:subfield>
         <marc:subfield code="l">STACKS</marc:subfield>
         <marc:subfield code="m">DEGEN_ROOM</marc:subfield>
         <marc:subfield code="r">Y</marc:subfield>
         <marc:subfield code="s">Y</marc:subfield>
         <marc:subfield code="t">BOOK</marc:subfield>
         <marc:subfield code="u">8/24/2006</marc:subfield>
      </marc:datafield>
   </marc:record>