
   <marc:record>
      <marc:leader>01379cam a22002411i 4500</marc:leader>
      <marc:controlfield tag="008">780418s1958    nyuah         00000 eng  </marc:controlfield>
      <marc:datafield tag="040" ind1=" " ind2=" ">
         <marc:subfield code="a">MvI</marc:subfield>
         <marc:subfield code="c">MvI</marc:subfield>
         <marc:subfield code="d">MvI</marc:subfield>
      </marc:datafield>
      <marc:datafield tag="082" ind1="0" ind2="0">
         <marc:subfield code="a">782.12</marc:subfield>
      </marc:datafield>
      <marc:datafield tag="100" ind1="1" ind2=" ">
         <marc:subfield code="a">Sullivan, Arthur,</marc:subfield>
         <marc:subfield code="c">Sir,</marc:subfield>
         <marc:subfield code="d">1842-1900.</marc:subfield>
      </marc:datafield>
      <marc:datafield tag="245" ind1="1" ind2="4">
         <marc:subfield code="a">The first night Gilbert and Sullivan :</marc:subfield>
         <marc:subfield code="b">containing complete librettos of the fourteen operas, exactly as presented at their premiere performances : together with facsims. of the first night programmes.</marc:subfield>
         <marc:subfield code="c">Edited, with a prologue and copious descriptive particulars, by Reginald Allen ; and a foreword by Bridget D'Oyly Carte. Illustrated with contemporary drawings.</marc:subfield>
      </marc:datafield>
      <marc:datafield tag="260" ind1=" " ind2=" ">
         <marc:subfield code="a">New York :</marc:subfield>
         <marc:subfield code="b">Heritage Press,</marc:subfield>
         <marc:subfield code="c">[c1958].</marc:subfield>
      </marc:datafield>
      <marc:datafield tag="300" ind1=" " ind2=" ">
         <marc:subfield code="a">xxi, 465 p. :</marc:subfield>
         <marc:subfield code="b">illus., 27 facsims. (in box) ;</marc:subfield>
         <marc:subfield code="c">30 cm.</marc:subfield>
      </marc:datafield>
      <marc:datafield tag="505" ind1="0" ind2=" ">
         <marc:subfield code="a">Thespis.--Trial by jury.--The sorcerer.--H.M.S. Pinafore.--The Pirates of Penzance.--Patience.--Iolanthe.--Princess Ida.--The Mikado.--Ruddygore.--The yeomen of the guard.--The gondoliers.--Utopia, limited.--The grand duke.</marc:subfield>
      </marc:datafield>
      <marc:datafield tag="650" ind1=" " ind2="0">
         <marc:subfield code="a">Operas</marc:subfield>
         <marc:subfield code="x">Librettos.</marc:subfield>
      </marc:datafield>
      <marc:datafield tag="700" ind1="1" ind2=" ">
         <marc:subfield code="a">Gilbert, W. S.</marc:subfield>
         <marc:subfield code="q">(William Schwenck),</marc:subfield>
         <marc:subfield code="d">1836-1911.</marc:subfield>
      </marc:datafield>
      <marc:datafield tag="990" ind1=" " ind2=" ">
         <marc:subfield code="a">140</marc:subfield>
      </marc:datafield>
      <marc:datafield tag="999" ind1=" " ind2=" ">
         <marc:subfield code="a">ML 49 .S9 A1 1958A</marc:subfield>
         <marc:subfield code="w">LC</marc:subfield>
         <marc:subfield code="c">1</marc:subfield>
         <marc:subfield code="i">30173000064732</marc:subfield>
         <marc:subfield code="d">10/1/2010</marc:subfield>
         <marc:subfield code="f">10/1/2010</marc:subfield>
         <marc:subfield code="g">2</marc:subfield>
         <marc:subfield code="l">STACKS</marc:subfield>
         <marc:subfield code="m">DEGEN_ROOM</marc:subfield>
         <marc:subfield code="r">Y</marc:subfield>
         <marc:subfield code="s">Y</marc:subfield>
         <marc:subfield code="t">BOOK</marc:subfield>
         <marc:subfield code="u">8/24/2006</marc:subfield>
      </marc:datafield>
   </marc:record>