
   <marc:record>
      <marc:leader>00804nam a2200229u  4500</marc:leader>
      <marc:controlfield tag="008">980521s1914    nyuf          000 0 eng d</marc:controlfield>
      <marc:datafield tag="040" ind1=" " ind2=" ">
         <marc:subfield code="a">MvI</marc:subfield>
         <marc:subfield code="c">MvI</marc:subfield>
         <marc:subfield code="d">MvI</marc:subfield>
      </marc:datafield>
      <marc:datafield tag="100" ind1="1" ind2=" ">
         <marc:subfield code="a">Caffin, Caroline.</marc:subfield>
      </marc:datafield>
      <marc:datafield tag="245" ind1="1" ind2="0">
         <marc:subfield code="a">Vaudeville ;</marc:subfield>
         <marc:subfield code="c">the book</marc:subfield>
         <marc:subfield code="c">by Caroline Caffin, the pictures by Marius de Zayas.</marc:subfield>
      </marc:datafield>
      <marc:datafield tag="260" ind1=" " ind2=" ">
         <marc:subfield code="a">New York :</marc:subfield>
         <marc:subfield code="b">M. Kennerley,</marc:subfield>
         <marc:subfield code="c">1914.</marc:subfield>
      </marc:datafield>
      <marc:datafield tag="300" ind1=" " ind2=" ">
         <marc:subfield code="a">3 p. l., 3-231 p. :</marc:subfield>
         <marc:subfield code="b">front., plates. ;</marc:subfield>
         <marc:subfield code="c">21 1/2 cm.</marc:subfield>
      </marc:datafield>
      <marc:datafield tag="650" ind1=" " ind2="0">
         <marc:subfield code="a">Vaudeville</marc:subfield>
         <marc:subfield code="z">United States.</marc:subfield>
      </marc:datafield>
      <marc:datafield tag="650" ind1=" " ind2="0">
         <marc:subfield code="a">Actors.</marc:subfield>
      </marc:datafield>
      <marc:datafield tag="650" ind1=" " ind2="0">
         <marc:subfield code="a">Caricatures and cartoons.</marc:subfield>
      </marc:datafield>
      <marc:datafield tag="700" ind1="1" ind2=" ">
         <marc:subfield code="a">Zayas, Marius de.,</marc:subfield>
         <marc:subfield code="e">illus.</marc:subfield>
      </marc:datafield>
      <marc:datafield tag="990" ind1=" " ind2=" ">
         <marc:subfield code="a">142</marc:subfield>
      </marc:datafield>
      <marc:datafield tag="999" ind1=" " ind2=" ">
         <marc:subfield code="a">PN 1967 .C3</marc:subfield>
         <marc:subfield code="w">LC</marc:subfield>
         <marc:subfield code="c">1</marc:subfield>
         <marc:subfield code="i">30173000045053</marc:subfield>
         <marc:subfield code="d">10/6/2010</marc:subfield>
         <marc:subfield code="f">10/6/2010</marc:subfield>
         <marc:subfield code="g">2</marc:subfield>
         <marc:subfield code="l">STACKS</marc:subfield>
         <marc:subfield code="m">DEGEN_ROOM</marc:subfield>
         <marc:subfield code="r">N</marc:subfield>
         <marc:subfield code="s">Y</marc:subfield>
         <marc:subfield code="t">BOOK</marc:subfield>
         <marc:subfield code="u">8/24/2006</marc:subfield>
      </marc:datafield>
   </marc:record>