
   <marc:record>
      <marc:leader>00700nam a2200193 a 4500</marc:leader>
      <marc:controlfield tag="008">920723s1958    si            000 0 eng  </marc:controlfield>
      <marc:datafield tag="100" ind1="1" ind2=" ">
         <marc:subfield code="a">Scott, A. C.</marc:subfield>
         <marc:subfield code="q">(Adolphe Clarence),</marc:subfield>
         <marc:subfield code="d">1909-</marc:subfield>
      </marc:datafield>
      <marc:datafield tag="245" ind1="1" ind2="0">
         <marc:subfield code="a">Chinese costume in transition.</marc:subfield>
         <marc:subfield code="c">With drawings by the author.</marc:subfield>
      </marc:datafield>
      <marc:datafield tag="260" ind1=" " ind2=" ">
         <marc:subfield code="a">Singapore :</marc:subfield>
         <marc:subfield code="b">D. Moore,</marc:subfield>
         <marc:subfield code="c">[1958].</marc:subfield>
      </marc:datafield>
      <marc:datafield tag="300" ind1=" " ind2=" ">
         <marc:subfield code="a">110 p. :</marc:subfield>
         <marc:subfield code="b">illus. ;</marc:subfield>
         <marc:subfield code="c">22 cm.</marc:subfield>
      </marc:datafield>
      <marc:datafield tag="500" ind1=" " ind2=" ">
         <marc:subfield code="a">Stamped on t.p. : Distributed by Theatre Arts Books, New York.</marc:subfield>
      </marc:datafield>
      <marc:datafield tag="650" ind1=" " ind2="0">
         <marc:subfield code="a">Costume</marc:subfield>
         <marc:subfield code="z">China.</marc:subfield>
      </marc:datafield>
      <marc:datafield tag="990" ind1=" " ind2=" ">
         <marc:subfield code="a">174</marc:subfield>
      </marc:datafield>
      <marc:datafield tag="999" ind1=" " ind2=" ">
         <marc:subfield code="a">GT 1555.S35</marc:subfield>
         <marc:subfield code="w">LC</marc:subfield>
         <marc:subfield code="c">1</marc:subfield>
         <marc:subfield code="i">30173000049790</marc:subfield>
         <marc:subfield code="d">1/26/2017</marc:subfield>
         <marc:subfield code="f">1/26/2017</marc:subfield>
         <marc:subfield code="g">3</marc:subfield>
         <marc:subfield code="l">STACKS</marc:subfield>
         <marc:subfield code="m">DEGEN_ROOM</marc:subfield>
         <marc:subfield code="r">Y</marc:subfield>
         <marc:subfield code="s">Y</marc:subfield>
         <marc:subfield code="t">BOOK</marc:subfield>
         <marc:subfield code="u">8/24/2006</marc:subfield>
      </marc:datafield>
   </marc:record>