
   <marc:record>
      <marc:leader>00870nam a2200217   4500</marc:leader>
      <marc:controlfield tag="008">890516s1965    nyua          00000 eng d</marc:controlfield>
      <marc:datafield tag="100" ind1="1" ind2=" ">
         <marc:subfield code="a">Sondheim, Stephen.</marc:subfield>
      </marc:datafield>
      <marc:datafield tag="245" ind1="1" ind2="0">
         <marc:subfield code="a">Anyone can whistle ;</marc:subfield>
         <marc:subfield code="b">a musical fable.</marc:subfield>
         <marc:subfield code="c">Book by Arthur Laurents. Music and lyrics by Stephen Sondheim.</marc:subfield>
      </marc:datafield>
      <marc:datafield tag="260" ind1=" " ind2=" ">
         <marc:subfield code="a">New York :</marc:subfield>
         <marc:subfield code="b">Random House,</marc:subfield>
         <marc:subfield code="c">[1976]</marc:subfield>
      </marc:datafield>
      <marc:datafield tag="300" ind1=" " ind2=" ">
         <marc:subfield code="a">186 p. :</marc:subfield>
         <marc:subfield code="b">illus. ;</marc:subfield>
         <marc:subfield code="c">22 cm.</marc:subfield>
      </marc:datafield>
      <marc:datafield tag="598" ind1=" " ind2=" ">
         <marc:subfield code="a">NEW</marc:subfield>
      </marc:datafield>
      <marc:datafield tag="650" ind1=" " ind2="0">
         <marc:subfield code="a">Musical revues, comedies, etc.</marc:subfield>
         <marc:subfield code="v">Librettos.</marc:subfield>
      </marc:datafield>
      <marc:datafield tag="700" ind1="1" ind2=" ">
         <marc:subfield code="a">Laurents, Arthur.</marc:subfield>
         <marc:subfield code="t">Anyone can whistle.</marc:subfield>
      </marc:datafield>
      <marc:datafield tag="990" ind1=" " ind2=" ">
         <marc:subfield code="a">181</marc:subfield>
      </marc:datafield>
      <marc:datafield tag="999" ind1=" " ind2=" ">
         <marc:subfield code="a">ML 50 .S705 A52 1965</marc:subfield>
         <marc:subfield code="w">LC</marc:subfield>
         <marc:subfield code="c">1</marc:subfield>
         <marc:subfield code="i">30173000069723</marc:subfield>
         <marc:subfield code="d">10/2/2010</marc:subfield>
         <marc:subfield code="f">10/2/2010</marc:subfield>
         <marc:subfield code="g">2</marc:subfield>
         <marc:subfield code="l">STACKS</marc:subfield>
         <marc:subfield code="m">DEGEN_ROOM</marc:subfield>
         <marc:subfield code="r">Y</marc:subfield>
         <marc:subfield code="s">Y</marc:subfield>
         <marc:subfield code="t">BOOK</marc:subfield>
         <marc:subfield code="u">8/24/2006</marc:subfield>
      </marc:datafield>
      <marc:datafield tag="999" ind1=" " ind2=" ">
         <marc:subfield code="a">ML 50 .S705 A52 1965</marc:subfield>
         <marc:subfield code="w">LC</marc:subfield>
         <marc:subfield code="c">2</marc:subfield>
         <marc:subfield code="i">30173000189109</marc:subfield>
         <marc:subfield code="l">STACKS</marc:subfield>
         <marc:subfield code="m">DEGEN_ROOM</marc:subfield>
         <marc:subfield code="r">Y</marc:subfield>
         <marc:subfield code="s">Y</marc:subfield>
         <marc:subfield code="t">BOOK</marc:subfield>
         <marc:subfield code="u">2/20/2017</marc:subfield>
      </marc:datafield>
   </marc:record>