
   <marc:record>
      <marc:leader>01116nam a2200241   4500</marc:leader>
      <marc:controlfield tag="008">890425s1976    nyuc          00000 eng d</marc:controlfield>
      <marc:datafield tag="100" ind1="1" ind2=" ">
         <marc:subfield code="a">Bernstein, Leonard,</marc:subfield>
         <marc:subfield code="d">1918-</marc:subfield>
      </marc:datafield>
      <marc:datafield tag="245" ind1="1" ind2="0">
         <marc:subfield code="a">Candide /</marc:subfield>
         <marc:subfield code="c">music by Leonard Bernstein ; book by Hugh Wheeler, adapted from Voltaire ; lyrics by Richard Wilbur, John Latouche, and Stephen Sondheim ; foreword by Harold Prince ; color photos. by Martha Swope.</marc:subfield>
      </marc:datafield>
      <marc:datafield tag="260" ind1=" " ind2=" ">
         <marc:subfield code="a">New York :</marc:subfield>
         <marc:subfield code="b">Schirmer Books,</marc:subfield>
         <marc:subfield code="c">c1976.</marc:subfield>
      </marc:datafield>
      <marc:datafield tag="300" ind1=" " ind2=" ">
         <marc:subfield code="a">235 p. :</marc:subfield>
         <marc:subfield code="b">col. ports. ;</marc:subfield>
         <marc:subfield code="c">31 cm.</marc:subfield>
      </marc:datafield>
      <marc:datafield tag="490" ind1="0" ind2=" ">
         <marc:subfield code="a">Macmillan performing arts series</marc:subfield>
      </marc:datafield>
      <marc:datafield tag="500" ind1=" " ind2=" ">
         <marc:subfield code="a">"The complete words and music of the drama crities award winning Broadway musical."</marc:subfield>
      </marc:datafield>
      <marc:datafield tag="650" ind1=" " ind2="0">
         <marc:subfield code="a">Musical revues, comedies, etc.</marc:subfield>
         <marc:subfield code="v">Vocal scores with piano.</marc:subfield>
      </marc:datafield>
      <marc:datafield tag="700" ind1="1" ind2=" ">
         <marc:subfield code="a">Wheeler, Hugh,</marc:subfield>
         <marc:subfield code="d">1912-</marc:subfield>
         <marc:subfield code="t">Candide.</marc:subfield>
      </marc:datafield>
      <marc:datafield tag="700" ind1="1" ind2=" ">
         <marc:subfield code="a">Wilbur, Richard,</marc:subfield>
         <marc:subfield code="d">1921-</marc:subfield>
      </marc:datafield>
      <marc:datafield tag="700" ind1="1" ind2=" ">
         <marc:subfield code="a">Latouche, John,</marc:subfield>
         <marc:subfield code="d">1917-1956.</marc:subfield>
      </marc:datafield>
      <marc:datafield tag="700" ind1="1" ind2=" ">
         <marc:subfield code="a">Sondheim, Stephen.</marc:subfield>
      </marc:datafield>
      <marc:datafield tag="990" ind1=" " ind2=" ">
         <marc:subfield code="a">182</marc:subfield>
      </marc:datafield>
      <marc:datafield tag="999" ind1=" " ind2=" ">
         <marc:subfield code="a">ML 503 .B53 C3 1976</marc:subfield>
         <marc:subfield code="w">LC</marc:subfield>
         <marc:subfield code="c">1</marc:subfield>
         <marc:subfield code="i">30173000059666</marc:subfield>
         <marc:subfield code="d">3/2/2017</marc:subfield>
         <marc:subfield code="e">4/11/2008</marc:subfield>
         <marc:subfield code="f">3/2/2017</marc:subfield>
         <marc:subfield code="g">3</marc:subfield>
         <marc:subfield code="l">STACKS</marc:subfield>
         <marc:subfield code="m">DEGEN_ROOM</marc:subfield>
         <marc:subfield code="n">1</marc:subfield>
         <marc:subfield code="r">Y</marc:subfield>
         <marc:subfield code="s">Y</marc:subfield>
         <marc:subfield code="t">BOOK</marc:subfield>
         <marc:subfield code="u">8/24/2006</marc:subfield>
      </marc:datafield>
   </marc:record>