
   <marc:record>
      <marc:leader>00934nam a2200181u  4500</marc:leader>
      <marc:controlfield tag="008">020808s1929    nyuf          000 0 eng d</marc:controlfield>
      <marc:datafield tag="100" ind1="1" ind2=" ">
         <marc:subfield code="a">Rice, Elmer,</marc:subfield>
         <marc:subfield code="d">1892-1967.</marc:subfield>
      </marc:datafield>
      <marc:datafield tag="245" ind1="1" ind2="4">
         <marc:subfield code="a">The adding machine;</marc:subfield>
         <marc:subfield code="b">a play in seven scenes,</marc:subfield>
         <marc:subfield code="c">by Elmer L. Rice; with a foreword by Philip Moeller.</marc:subfield>
      </marc:datafield>
      <marc:datafield tag="260" ind1=" " ind2=" ">
         <marc:subfield code="a">New York ;</marc:subfield>
         <marc:subfield code="a">Los Angeles :</marc:subfield>
         <marc:subfield code="b">S. French ;</marc:subfield>
         <marc:subfield code="a">London :</marc:subfield>
         <marc:subfield code="b">S. French, ltd.,</marc:subfield>
         <marc:subfield code="c">1929.</marc:subfield>
      </marc:datafield>
      <marc:datafield tag="300" ind1=" " ind2=" ">
         <marc:subfield code="a">x p., 3 l., 143 p. :</marc:subfield>
         <marc:subfield code="b">front. plates. ;</marc:subfield>
         <marc:subfield code="c">19 cm.</marc:subfield>
      </marc:datafield>
      <marc:datafield tag="990" ind1=" " ind2=" ">
         <marc:subfield code="a">183</marc:subfield>
      </marc:datafield>
      <marc:datafield tag="999" ind1=" " ind2=" ">
         <marc:subfield code="a">P 3535 .I224 A7 1929</marc:subfield>
         <marc:subfield code="w">LC</marc:subfield>
         <marc:subfield code="c">1</marc:subfield>
         <marc:subfield code="i">30173000067214</marc:subfield>
         <marc:subfield code="d">3/29/2017</marc:subfield>
         <marc:subfield code="e">8/30/2013</marc:subfield>
         <marc:subfield code="f">3/29/2017</marc:subfield>
         <marc:subfield code="g">4</marc:subfield>
         <marc:subfield code="l">STACKS</marc:subfield>
         <marc:subfield code="m">DEGEN_ROOM</marc:subfield>
         <marc:subfield code="n">4</marc:subfield>
         <marc:subfield code="r">Y</marc:subfield>
         <marc:subfield code="s">Y</marc:subfield>
         <marc:subfield code="t">BOOK</marc:subfield>
         <marc:subfield code="u">8/24/2006</marc:subfield>
         <marc:subfield code="o">.PUBLIC. There are several misprints in the pages, however none of the info is missing.</marc:subfield>
      </marc:datafield>
      <marc:datafield tag="999" ind1=" " ind2=" ">
         <marc:subfield code="a">P 3535 .I224 A7 1929</marc:subfield>
         <marc:subfield code="w">LC</marc:subfield>
         <marc:subfield code="c">2</marc:subfield>
         <marc:subfield code="i">30173000077395</marc:subfield>
         <marc:subfield code="d">3/21/2017</marc:subfield>
         <marc:subfield code="e">9/3/2013</marc:subfield>
         <marc:subfield code="f">3/21/2017</marc:subfield>
         <marc:subfield code="g">3</marc:subfield>
         <marc:subfield code="l">STACKS</marc:subfield>
         <marc:subfield code="m">DEGEN_ROOM</marc:subfield>
         <marc:subfield code="n">4</marc:subfield>
         <marc:subfield code="r">Y</marc:subfield>
         <marc:subfield code="s">Y</marc:subfield>
         <marc:subfield code="t">BOOK</marc:subfield>
         <marc:subfield code="u">6/1/2007</marc:subfield>
      </marc:datafield>
   </marc:record>