
   <marc:record>
      <marc:leader>00573nam a2200157u  4500</marc:leader>
      <marc:controlfield tag="008">980521s1913    pau           000 0 eng d</marc:controlfield>
      <marc:datafield tag="100" ind1="1" ind2=" ">
         <marc:subfield code="a">Andrews, Charlton,</marc:subfield>
         <marc:subfield code="d">1878-1939.</marc:subfield>
      </marc:datafield>
      <marc:datafield tag="245" ind1="1" ind2="4">
         <marc:subfield code="a">The drama to-day,</marc:subfield>
         <marc:subfield code="c">by Charlton Andrews.</marc:subfield>
      </marc:datafield>
      <marc:datafield tag="260" ind1=" " ind2=" ">
         <marc:subfield code="a">Philadelphia ;</marc:subfield>
         <marc:subfield code="a">London :</marc:subfield>
         <marc:subfield code="b">J. B. Lippincott company,</marc:subfield>
         <marc:subfield code="c">1913.</marc:subfield>
      </marc:datafield>
      <marc:datafield tag="300" ind1=" " ind2=" ">
         <marc:subfield code="a">3 p. l., 5-236 p. ;</marc:subfield>
         <marc:subfield code="c">21 1/2 cm.</marc:subfield>
      </marc:datafield>
      <marc:datafield tag="650" ind1=" " ind2="0">
         <marc:subfield code="a">Drama</marc:subfield>
         <marc:subfield code="x">History and criticism.</marc:subfield>
      </marc:datafield>
      <marc:datafield tag="990" ind1=" " ind2=" ">
         <marc:subfield code="a">187</marc:subfield>
      </marc:datafield>
      <marc:datafield tag="999" ind1=" " ind2=" ">
         <marc:subfield code="a">PN 1861 .A5</marc:subfield>
         <marc:subfield code="w">LC</marc:subfield>
         <marc:subfield code="c">1</marc:subfield>
         <marc:subfield code="i">30173000046689</marc:subfield>
         <marc:subfield code="d">10/6/2010</marc:subfield>
         <marc:subfield code="f">10/6/2010</marc:subfield>
         <marc:subfield code="g">2</marc:subfield>
         <marc:subfield code="l">STACKS</marc:subfield>
         <marc:subfield code="m">DEGEN_ROOM</marc:subfield>
         <marc:subfield code="r">N</marc:subfield>
         <marc:subfield code="s">Y</marc:subfield>
         <marc:subfield code="t">BOOK</marc:subfield>
         <marc:subfield code="u">8/24/2006</marc:subfield>
      </marc:datafield>
   </marc:record>