
   <marc:record>
      <marc:leader>00814nam a2200181u  4500</marc:leader>
      <marc:controlfield tag="008">040917s1916    nyucf         000 0beng d</marc:controlfield>
      <marc:datafield tag="100" ind1="1" ind2=" ">
         <marc:subfield code="a">Marcosson, Isaac Frederick,</marc:subfield>
         <marc:subfield code="d">1876-1961.</marc:subfield>
      </marc:datafield>
      <marc:datafield tag="245" ind1="1" ind2="0">
         <marc:subfield code="a">Charles Frohman :</marc:subfield>
         <marc:subfield code="b">manager and man,</marc:subfield>
         <marc:subfield code="c">by Isaac F. Marcosson and Daniel Frohman, with an appreciation by James m. Barrie ; illustrated with portraits.</marc:subfield>
      </marc:datafield>
      <marc:datafield tag="260" ind1=" " ind2=" ">
         <marc:subfield code="a">New York ;</marc:subfield>
         <marc:subfield code="a">London :</marc:subfield>
         <marc:subfield code="b">Harper &amp; brothers,</marc:subfield>
         <marc:subfield code="c">1916.</marc:subfield>
      </marc:datafield>
      <marc:datafield tag="300" ind1=" " ind2=" ">
         <marc:subfield code="a">8 p. l., 439, [1] p. :</marc:subfield>
         <marc:subfield code="b">front., pl., ports. ;</marc:subfield>
         <marc:subfield code="c">21 1/2 cm.</marc:subfield>
      </marc:datafield>
      <marc:datafield tag="600" ind1="1" ind2="0">
         <marc:subfield code="a">Frohman, Charles,</marc:subfield>
         <marc:subfield code="d">1860-1915.</marc:subfield>
      </marc:datafield>
      <marc:datafield tag="650" ind1=" " ind2="0">
         <marc:subfield code="a">Theater</marc:subfield>
         <marc:subfield code="z">United States.</marc:subfield>
      </marc:datafield>
      <marc:datafield tag="700" ind1="1" ind2=" ">
         <marc:subfield code="a">Frohman, Daniel,</marc:subfield>
         <marc:subfield code="d">1851-1940,</marc:subfield>
         <marc:subfield code="e">joint author.</marc:subfield>
      </marc:datafield>
      <marc:datafield tag="990" ind1=" " ind2=" ">
         <marc:subfield code="a">188</marc:subfield>
      </marc:datafield>
      <marc:datafield tag="999" ind1=" " ind2=" ">
         <marc:subfield code="a">PN 2287 .F7 M3</marc:subfield>
         <marc:subfield code="w">LC</marc:subfield>
         <marc:subfield code="c">1</marc:subfield>
         <marc:subfield code="i">30173000045939</marc:subfield>
         <marc:subfield code="d">10/11/2010</marc:subfield>
         <marc:subfield code="f">10/11/2010</marc:subfield>
         <marc:subfield code="g">2</marc:subfield>
         <marc:subfield code="l">STACKS</marc:subfield>
         <marc:subfield code="m">DEGEN_ROOM</marc:subfield>
         <marc:subfield code="r">Y</marc:subfield>
         <marc:subfield code="s">Y</marc:subfield>
         <marc:subfield code="t">BOOK</marc:subfield>
         <marc:subfield code="u">8/24/2006</marc:subfield>
      </marc:datafield>
   </marc:record>