
   <marc:record>
      <marc:leader>02373nam a2200457 a 4500</marc:leader>
      <marc:controlfield tag="008">940906s1924    xxu           000 0 eng d</marc:controlfield>
      <marc:datafield tag="100" ind1="1" ind2=" ">
         <marc:subfield code="a">Matthews, Brander,</marc:subfield>
         <marc:subfield code="d">1852-1929,</marc:subfield>
         <marc:subfield code="e">ed.</marc:subfield>
      </marc:datafield>
      <marc:datafield tag="245" ind1="1" ind2="4">
         <marc:subfield code="a">The chief British dramatists, excluding Shakespeare; twenty-five plays from the middle of the fifteenth century to the end of the nineteenth,</marc:subfield>
         <marc:subfield code="c">edited by Brander Matthews ... and Paul Robert Lieder ...</marc:subfield>
      </marc:datafield>
      <marc:datafield tag="260" ind1=" " ind2=" ">
         <marc:subfield code="a">Boston, New York [etc.] :</marc:subfield>
         <marc:subfield code="b">Houghton Mifflin company,</marc:subfield>
         <marc:subfield code="c">[c1924].</marc:subfield>
      </marc:datafield>
      <marc:datafield tag="300" ind1=" " ind2=" ">
         <marc:subfield code="a">xviii, 1084 p. :</marc:subfield>
         <marc:subfield code="b">illus. ;</marc:subfield>
         <marc:subfield code="c">21 cm.</marc:subfield>
      </marc:datafield>
      <marc:datafield tag="500" ind1=" " ind2=" ">
         <marc:subfield code="a">"A reading list in the chief British dramatist" : p. [1078]-1079.</marc:subfield>
      </marc:datafield>
      <marc:datafield tag="650" ind1=" " ind2="0">
         <marc:subfield code="a">English dram (Collections)</marc:subfield>
      </marc:datafield>
      <marc:datafield tag="700" ind1="1" ind2=" ">
         <marc:subfield code="a">Lieder, Paul Robert,</marc:subfield>
         <marc:subfield code="d">1889-</marc:subfield>
         <marc:subfield code="e">ed.</marc:subfield>
      </marc:datafield>
      <marc:datafield tag="740" ind1="2" ind2=" ">
         <marc:subfield code="a">Ralph Roister Doister by Nicholas Udall.</marc:subfield>
      </marc:datafield>
      <marc:datafield tag="740" ind1="4" ind2=" ">
         <marc:subfield code="a">The Spanish Tragedy; or, Hieronimo is mad again. T. Kyd.</marc:subfield>
      </marc:datafield>
      <marc:datafield tag="740" ind1="4" ind2=" ">
         <marc:subfield code="a">The Troublesome Reign and Lamentable Death of Edward the Second by Christopher Marlowe.</marc:subfield>
      </marc:datafield>
      <marc:datafield tag="740" ind1="2" ind2=" ">
         <marc:subfield code="a">Every Man in his Humour by Ben Jonson.</marc:subfield>
      </marc:datafield>
      <marc:datafield tag="740" ind1="2" ind2=" ">
         <marc:subfield code="a">A Woman killed with Kindness by Thomas Heywood.</marc:subfield>
      </marc:datafield>
      <marc:datafield tag="740" ind1="2" ind2=" ">
         <marc:subfield code="a">Philaster; or, Love lies a-bleeding by Francis Beaumont and John Fletcher.</marc:subfield>
      </marc:datafield>
      <marc:datafield tag="740" ind1="4" ind2=" ">
         <marc:subfield code="a">The Duchess of Malfi by John Webster.</marc:subfield>
      </marc:datafield>
      <marc:datafield tag="740" ind1="2" ind2=" ">
         <marc:subfield code="a">A New Way to pay Old Debts by Philip Massinger.</marc:subfield>
      </marc:datafield>
      <marc:datafield tag="740" ind1="4" ind2=" ">
         <marc:subfield code="a">The Plain Dealer by William Wycherley.</marc:subfield>
      </marc:datafield>
      <marc:datafield tag="740" ind1="2" ind2=" ">
         <marc:subfield code="a">All for Love; or, The World Well Lost by John Dryden.</marc:subfield>
      </marc:datafield>
      <marc:datafield tag="740" ind1="2" ind2=" ">
         <marc:subfield code="a">Venice preserved; or, a Plot Discovered by Thomas Otway.</marc:subfield>
      </marc:datafield>
      <marc:datafield tag="740" ind1="4" ind2=" ">
         <marc:subfield code="a">The Provoked Wife by Sir John Vangrugh.</marc:subfield>
      </marc:datafield>
      <marc:datafield tag="740" ind1="4" ind2=" ">
         <marc:subfield code="a">The Way of the Worl by WIlliam Congreve.</marc:subfield>
      </marc:datafield>
      <marc:datafield tag="740" ind1="4" ind2=" ">
         <marc:subfield code="a">The Beaux' Stratagem by George Farquhar.</marc:subfield>
      </marc:datafield>
      <marc:datafield tag="740" ind1="2" ind2=" ">
         <marc:subfield code="a">She stoops to Conquer; or, The Mistakes of a Night by Oliver Goldsmith.</marc:subfield>
      </marc:datafield>
      <marc:datafield tag="740" ind1="4" ind2=" ">
         <marc:subfield code="a">The School for Scandal by Richard Brinsley Sheridan.</marc:subfield>
      </marc:datafield>
      <marc:datafield tag="740" ind1="2" ind2=" ">
         <marc:subfield code="a">Richelieu; or. The Conspiracy by Sir Edward Bulwer-Lytton.</marc:subfield>
      </marc:datafield>
      <marc:datafield tag="740" ind1="2" ind2=" ">
         <marc:subfield code="a">London Assurance by Dion Boucicault.</marc:subfield>
      </marc:datafield>
      <marc:datafield tag="740" ind1="2" ind2=" ">
         <marc:subfield code="a">Caste by T. W. Robertson.</marc:subfield>
      </marc:datafield>
      <marc:datafield tag="740" ind1="2" ind2=" ">
         <marc:subfield code="a">Pygmalion and Galatea by W. S. Gilbert.</marc:subfield>
      </marc:datafield>
      <marc:datafield tag="740" ind1="2" ind2=" ">
         <marc:subfield code="a">Lady Windermere's Fan by Oscar Wilde.</marc:subfield>
      </marc:datafield>
      <marc:datafield tag="740" ind1="4" ind2=" ">
         <marc:subfield code="a">The Second Mrs. Tanqueray by Sir Arthur Wing Pinero.</marc:subfield>
      </marc:datafield>
      <marc:datafield tag="740" ind1="4" ind2=" ">
         <marc:subfield code="a">The Liars by Henry Arthur Jones.</marc:subfield>
      </marc:datafield>
      <marc:datafield tag="990" ind1=" " ind2=" ">
         <marc:subfield code="a">207</marc:subfield>
      </marc:datafield>
      <marc:datafield tag="999" ind1=" " ind2=" ">
         <marc:subfield code="a">PR 1245 .M3</marc:subfield>
         <marc:subfield code="w">LC</marc:subfield>
         <marc:subfield code="c">1</marc:subfield>
         <marc:subfield code="i">30173000068873</marc:subfield>
         <marc:subfield code="d">1/30/2017</marc:subfield>
         <marc:subfield code="e">1/12/2017</marc:subfield>
         <marc:subfield code="f">9/21/2010</marc:subfield>
         <marc:subfield code="g">2</marc:subfield>
         <marc:subfield code="l">STACKS</marc:subfield>
         <marc:subfield code="m">DEGEN_ROOM</marc:subfield>
         <marc:subfield code="n">2</marc:subfield>
         <marc:subfield code="r">Y</marc:subfield>
         <marc:subfield code="s">Y</marc:subfield>
         <marc:subfield code="t">BOOK</marc:subfield>
         <marc:subfield code="u">8/24/2006</marc:subfield>
      </marc:datafield>
   </marc:record>