
   <marc:record>
      <marc:leader>00769nam a2200193 a 4500</marc:leader>
      <marc:controlfield tag="008">940920s1937    xxu           000 0 eng d</marc:controlfield>
      <marc:datafield tag="082" ind1="0" ind2="0">
         <marc:subfield code="a">812.5</marc:subfield>
      </marc:datafield>
      <marc:datafield tag="100" ind1="1" ind2=" ">
         <marc:subfield code="a">Hart, Moss,</marc:subfield>
         <marc:subfield code="d">1904-1961.</marc:subfield>
      </marc:datafield>
      <marc:datafield tag="245" ind1="1" ind2="0">
         <marc:subfield code="a">You can't take it with you ;</marc:subfield>
         <marc:subfield code="c">play by Moss Hart and George S. Kaufman.</marc:subfield>
      </marc:datafield>
      <marc:datafield tag="260" ind1=" " ind2=" ">
         <marc:subfield code="a">New York, Toronto :</marc:subfield>
         <marc:subfield code="b">Farrar &amp; Rinehart,</marc:subfield>
         <marc:subfield code="c">[c1937].</marc:subfield>
      </marc:datafield>
      <marc:datafield tag="300" ind1=" " ind2=" ">
         <marc:subfield code="a">5 p. l., 3-207 p :</marc:subfield>
         <marc:subfield code="b">front ;</marc:subfield>
         <marc:subfield code="c">20cm</marc:subfield>
      </marc:datafield>
      <marc:datafield tag="700" ind1="1" ind2=" ">
         <marc:subfield code="a">Kaufman, George S.</marc:subfield>
         <marc:subfield code="q">(George Simon),</marc:subfield>
         <marc:subfield code="d">1889-1961,</marc:subfield>
         <marc:subfield code="e">joint author.</marc:subfield>
      </marc:datafield>
      <marc:datafield tag="990" ind1=" " ind2=" ">
         <marc:subfield code="a">208</marc:subfield>
      </marc:datafield>
      <marc:datafield tag="999" ind1=" " ind2=" ">
         <marc:subfield code="a">PS 3515 .A7943 Y6 1937</marc:subfield>
         <marc:subfield code="w">LC</marc:subfield>
         <marc:subfield code="c">1</marc:subfield>
         <marc:subfield code="i">30173000053289</marc:subfield>
         <marc:subfield code="d">9/27/2010</marc:subfield>
         <marc:subfield code="e">1/18/2008</marc:subfield>
         <marc:subfield code="f">9/27/2010</marc:subfield>
         <marc:subfield code="g">2</marc:subfield>
         <marc:subfield code="l">STACKS</marc:subfield>
         <marc:subfield code="m">DEGEN_ROOM</marc:subfield>
         <marc:subfield code="n">1</marc:subfield>
         <marc:subfield code="r">N</marc:subfield>
         <marc:subfield code="s">Y</marc:subfield>
         <marc:subfield code="t">BOOK</marc:subfield>
         <marc:subfield code="u">8/24/2006</marc:subfield>
      </marc:datafield>
   </marc:record>