
   <marc:record>
      <marc:leader>00833nam a2200193 a 4500</marc:leader>
      <marc:controlfield tag="008">941214s1959    xxu           000 0 eng d</marc:controlfield>
      <marc:datafield tag="082" ind1="0" ind2="0">
         <marc:subfield code="a">830.81</marc:subfield>
      </marc:datafield>
      <marc:datafield tag="100" ind1="1" ind2=" ">
         <marc:subfield code="a">Schiller, Friedrich,</marc:subfield>
         <marc:subfield code="d">1759-1805.</marc:subfield>
      </marc:datafield>
      <marc:datafield tag="245" ind1="1" ind2="0">
         <marc:subfield code="a">Friedrich Schiller :</marc:subfield>
         <marc:subfield code="b">an anthology for our time, in new English translation</marc:subfield>
         <marc:subfield code="c">[by] Jane Bannard Greene, Charles E. Passage and Alexander Gode-von Aesch] and the original German. With an account of his life and work by Frederick Ungar.</marc:subfield>
      </marc:datafield>
      <marc:datafield tag="260" ind1=" " ind2=" ">
         <marc:subfield code="a">New York :</marc:subfield>
         <marc:subfield code="b">F. Ungar Pub. Co.,</marc:subfield>
         <marc:subfield code="c">[1959].</marc:subfield>
      </marc:datafield>
      <marc:datafield tag="300" ind1=" " ind2=" ">
         <marc:subfield code="a">450p. :</marc:subfield>
         <marc:subfield code="c">22cm.</marc:subfield>
      </marc:datafield>
      <marc:datafield tag="700" ind1="1" ind2=" ">
         <marc:subfield code="a">Ungar, Frederick.</marc:subfield>
      </marc:datafield>
      <marc:datafield tag="990" ind1=" " ind2=" ">
         <marc:subfield code="a">209</marc:subfield>
      </marc:datafield>
      <marc:datafield tag="999" ind1=" " ind2=" ">
         <marc:subfield code="a">PT 2473 .A13 U5</marc:subfield>
         <marc:subfield code="w">LC</marc:subfield>
         <marc:subfield code="c">1</marc:subfield>
         <marc:subfield code="i">30173000060672</marc:subfield>
         <marc:subfield code="d">2/12/2013</marc:subfield>
         <marc:subfield code="f">2/12/2013</marc:subfield>
         <marc:subfield code="g">3</marc:subfield>
         <marc:subfield code="l">STACKS</marc:subfield>
         <marc:subfield code="m">DEGEN_ROOM</marc:subfield>
         <marc:subfield code="r">Y</marc:subfield>
         <marc:subfield code="s">Y</marc:subfield>
         <marc:subfield code="t">BOOK</marc:subfield>
         <marc:subfield code="u">8/24/2006</marc:subfield>
      </marc:datafield>
   </marc:record>