
   <marc:record>
      <marc:leader>01132nam a22002771  4500</marc:leader>
      <marc:controlfield tag="008">830909s1946    nyua          00000 eng  </marc:controlfield>
      <marc:datafield tag="040" ind1=" " ind2=" ">
         <marc:subfield code="a">MvI</marc:subfield>
         <marc:subfield code="c">MvI</marc:subfield>
         <marc:subfield code="d">MvI</marc:subfield>
      </marc:datafield>
      <marc:datafield tag="100" ind1="1" ind2=" ">
         <marc:subfield code="a">Wheeler, Opal.</marc:subfield>
      </marc:datafield>
      <marc:datafield tag="245" ind1="1" ind2="0">
         <marc:subfield code="a">H. M. S. Pinafore ;</marc:subfield>
         <marc:subfield code="c">story and music arrangements adapted from Gilbert and Sullivan by Opal Wheeler, illustrated by Fritz Kredel.</marc:subfield>
      </marc:datafield>
      <marc:datafield tag="260" ind1=" " ind2=" ">
         <marc:subfield code="a">New York :</marc:subfield>
         <marc:subfield code="b">E.P. Dutton and co., inc.,</marc:subfield>
         <marc:subfield code="c">1946.</marc:subfield>
      </marc:datafield>
      <marc:datafield tag="300" ind1=" " ind2=" ">
         <marc:subfield code="a">96 p. :</marc:subfield>
         <marc:subfield code="b">illus. (part col.) ;</marc:subfield>
         <marc:subfield code="c">28 cm.</marc:subfield>
      </marc:datafield>
      <marc:datafield tag="500" ind1=" " ind2=" ">
         <marc:subfield code="a">"First edition."</marc:subfield>
      </marc:datafield>
      <marc:datafield tag="500" ind1=" " ind2=" ">
         <marc:subfield code="a">Story and piano excerpts adapted for children.</marc:subfield>
      </marc:datafield>
      <marc:datafield tag="500" ind1=" " ind2=" ">
         <marc:subfield code="a">Full name: Opal (Wheeler) Macrae</marc:subfield>
      </marc:datafield>
      <marc:datafield tag="650" ind1=" " ind2="0">
         <marc:subfield code="a">Operas</marc:subfield>
         <marc:subfield code="x">Stories, plots, etc.</marc:subfield>
      </marc:datafield>
      <marc:datafield tag="700" ind1="1" ind2=" ">
         <marc:subfield code="a">Sullivan, Arthur,</marc:subfield>
         <marc:subfield code="c">Sir,</marc:subfield>
         <marc:subfield code="d">1842-1900.</marc:subfield>
         <marc:subfield code="t">H.M.S. Pinafore.</marc:subfield>
      </marc:datafield>
      <marc:datafield tag="700" ind1="1" ind2=" ">
         <marc:subfield code="a">Gilbert, W. S.</marc:subfield>
         <marc:subfield code="q">(William Schwenck),</marc:subfield>
         <marc:subfield code="d">1836-1911.</marc:subfield>
         <marc:subfield code="t">H.M.S. Pinafore.</marc:subfield>
      </marc:datafield>
      <marc:datafield tag="700" ind1="1" ind2=" ">
         <marc:subfield code="a">Kredel, Fritz,</marc:subfield>
         <marc:subfield code="d">1900-1973</marc:subfield>
         <marc:subfield code="e">illus.</marc:subfield>
      </marc:datafield>
      <marc:datafield tag="990" ind1=" " ind2=" ">
         <marc:subfield code="a">220</marc:subfield>
      </marc:datafield>
      <marc:datafield tag="999" ind1=" " ind2=" ">
         <marc:subfield code="a">MT 100 .S976 W5</marc:subfield>
         <marc:subfield code="w">LC</marc:subfield>
         <marc:subfield code="c">1</marc:subfield>
         <marc:subfield code="i">30173000051168</marc:subfield>
         <marc:subfield code="d">3/8/2017</marc:subfield>
         <marc:subfield code="f">3/8/2017</marc:subfield>
         <marc:subfield code="g">3</marc:subfield>
         <marc:subfield code="l">STACKS</marc:subfield>
         <marc:subfield code="m">DEGEN_ROOM</marc:subfield>
         <marc:subfield code="r">Y</marc:subfield>
         <marc:subfield code="s">Y</marc:subfield>
         <marc:subfield code="t">BOOK</marc:subfield>
         <marc:subfield code="u">8/24/2006</marc:subfield>
      </marc:datafield>
   </marc:record>