
   <marc:record>
      <marc:leader>00974nam a2200241u  4500</marc:leader>
      <marc:controlfield tag="008">961106s1945    nyuf   j      000 0 eng d</marc:controlfield>
      <marc:datafield tag="100" ind1="1" ind2=" ">
         <marc:subfield code="a">Hammerstein, Oscar,</marc:subfield>
         <marc:subfield code="d">1895-1960.</marc:subfield>
      </marc:datafield>
      <marc:datafield tag="245" ind1="1" ind2="0">
         <marc:subfield code="a">Carmen Jones,</marc:subfield>
         <marc:subfield code="c">by Oscar Hammerstein II, based on Meilhac and Halevy's adaptation of Prosper Merimee's Carmen.</marc:subfield>
      </marc:datafield>
      <marc:datafield tag="260" ind1=" " ind2=" ">
         <marc:subfield code="a">New York :</marc:subfield>
         <marc:subfield code="b">A.A. Knopf,</marc:subfield>
         <marc:subfield code="c">1945.</marc:subfield>
      </marc:datafield>
      <marc:datafield tag="300" ind1=" " ind2=" ">
         <marc:subfield code="a">xix, [1], 139, [1] p. :</marc:subfield>
         <marc:subfield code="b">front., plates. ;</marc:subfield>
         <marc:subfield code="c">19 cm.</marc:subfield>
      </marc:datafield>
      <marc:datafield tag="500" ind1=" " ind2=" ">
         <marc:subfield code="a">"First edition."</marc:subfield>
      </marc:datafield>
      <marc:datafield tag="500" ind1=" " ind2=" ">
         <marc:subfield code="a">Without the music (originally composed by George Bizet)</marc:subfield>
      </marc:datafield>
      <marc:datafield tag="650" ind1=" " ind2="1">
         <marc:subfield code="a">Operas</marc:subfield>
         <marc:subfield code="x">Librettos.</marc:subfield>
      </marc:datafield>
      <marc:datafield tag="700" ind1="1" ind2=" ">
         <marc:subfield code="a">Meilhac, Henri,</marc:subfield>
         <marc:subfield code="d">1831-1897.</marc:subfield>
         <marc:subfield code="t">Carmen.</marc:subfield>
      </marc:datafield>
      <marc:datafield tag="700" ind1="1" ind2=" ">
         <marc:subfield code="a">Halevy, Ludovic,</marc:subfield>
         <marc:subfield code="d">1834-1908.</marc:subfield>
         <marc:subfield code="t">Carmen.</marc:subfield>
      </marc:datafield>
      <marc:datafield tag="700" ind1="1" ind2=" ">
         <marc:subfield code="a">Bizet, Georges,</marc:subfield>
         <marc:subfield code="d">1838-1875.</marc:subfield>
         <marc:subfield code="t">Carmen.</marc:subfield>
      </marc:datafield>
      <marc:datafield tag="990" ind1=" " ind2=" ">
         <marc:subfield code="a">233</marc:subfield>
      </marc:datafield>
      <marc:datafield tag="999" ind1=" " ind2=" ">
         <marc:subfield code="a">ML 50 .B625 C32 1945</marc:subfield>
         <marc:subfield code="w">LC</marc:subfield>
         <marc:subfield code="c">1</marc:subfield>
         <marc:subfield code="i">30173000068170</marc:subfield>
         <marc:subfield code="d">10/31/2010</marc:subfield>
         <marc:subfield code="f">10/31/2010</marc:subfield>
         <marc:subfield code="g">4</marc:subfield>
         <marc:subfield code="l">STACKS</marc:subfield>
         <marc:subfield code="m">DEGEN_ROOM</marc:subfield>
         <marc:subfield code="r">Y</marc:subfield>
         <marc:subfield code="s">Y</marc:subfield>
         <marc:subfield code="t">BOOK</marc:subfield>
         <marc:subfield code="u">8/24/2006</marc:subfield>
      </marc:datafield>
   </marc:record>