
   <marc:record>
      <marc:leader>01033nam a2200193u  4500</marc:leader>
      <marc:controlfield tag="008">970616s1903    enk           000 0 eng d</marc:controlfield>
      <marc:datafield tag="040" ind1=" " ind2=" ">
         <marc:subfield code="a">MvI</marc:subfield>
         <marc:subfield code="c">MvI</marc:subfield>
         <marc:subfield code="d">MvI</marc:subfield>
      </marc:datafield>
      <marc:datafield tag="100" ind1="1" ind2=" ">
         <marc:subfield code="a">Gilbert, W. S.</marc:subfield>
         <marc:subfield code="q">(William Schwenck),</marc:subfield>
         <marc:subfield code="d">1836-1911.</marc:subfield>
      </marc:datafield>
      <marc:datafield tag="245" ind1="1" ind2="0">
         <marc:subfield code="a">Original plays,</marc:subfield>
         <marc:subfield code="c">by W. S. Gilbert ;</marc:subfield>
         <marc:subfield code="n">third series ...</marc:subfield>
      </marc:datafield>
      <marc:datafield tag="260" ind1=" " ind2=" ">
         <marc:subfield code="a">London :</marc:subfield>
         <marc:subfield code="b">Chatto &amp; Windus,</marc:subfield>
         <marc:subfield code="c">1903.</marc:subfield>
      </marc:datafield>
      <marc:datafield tag="300" ind1=" " ind2=" ">
         <marc:subfield code="a">3 p. l., 453 p. ;</marc:subfield>
         <marc:subfield code="c">17 cm.</marc:subfield>
      </marc:datafield>
      <marc:datafield tag="505" ind1="0" ind2=" ">
         <marc:subfield code="a">Comedy and tragedy.-Foggerty's fairy.-Resencrantz and Guildenstern.-Patience; or, Bunthorne's bride.-Princess Ida; or, Castle Adamant.-The mikado; or, The town of Titipu.-Ruddigore; or, The witch's curse.-The yeomen of the guard; or, The merryman and his maid.-The gondoliers; or, The king of Barataria.-The mountebanks.-Utopia, limited; or, The flowers of progress.</marc:subfield>
      </marc:datafield>
      <marc:datafield tag="990" ind1=" " ind2=" ">
         <marc:subfield code="a">237</marc:subfield>
      </marc:datafield>
      <marc:datafield tag="999" ind1=" " ind2=" ">
         <marc:subfield code="a">PR 4713 .A1 1902</marc:subfield>
         <marc:subfield code="w">LC</marc:subfield>
         <marc:subfield code="c">1</marc:subfield>
         <marc:subfield code="i">30173000049634</marc:subfield>
         <marc:subfield code="d">9/23/2010</marc:subfield>
         <marc:subfield code="f">9/23/2010</marc:subfield>
         <marc:subfield code="g">2</marc:subfield>
         <marc:subfield code="l">STACKS</marc:subfield>
         <marc:subfield code="m">DEGEN_ROOM</marc:subfield>
         <marc:subfield code="r">Y</marc:subfield>
         <marc:subfield code="s">Y</marc:subfield>
         <marc:subfield code="t">BOOK</marc:subfield>
         <marc:subfield code="u">8/24/2006</marc:subfield>
      </marc:datafield>
   </marc:record>