
   <marc:record>
      <marc:leader>02315nam a2200325 a 4500</marc:leader>
      <marc:controlfield tag="005">20031126084721.0</marc:controlfield>
      <marc:controlfield tag="008">030506s2004    mauab    b    001 0 eng  </marc:controlfield>
      <marc:datafield tag="010" ind1=" " ind2=" ">
         <marc:subfield code="a">  2003106615</marc:subfield>
      </marc:datafield>
      <marc:datafield tag="020" ind1=" " ind2=" ">
         <marc:subfield code="a">0838407501</marc:subfield>
      </marc:datafield>
      <marc:datafield tag="040" ind1=" " ind2=" ">
         <marc:subfield code="a">DLC</marc:subfield>
         <marc:subfield code="c">DLC</marc:subfield>
         <marc:subfield code="d">DLC</marc:subfield>
      </marc:datafield>
      <marc:datafield tag="082" ind1="0" ind2="0">
         <marc:subfield code="a">808.82</marc:subfield>
         <marc:subfield code="2">22</marc:subfield>
      </marc:datafield>
      <marc:datafield tag="245" ind1="0" ind2="4">
         <marc:subfield code="a">The Wadsworth anthology of drama /</marc:subfield>
         <marc:subfield code="c">[edited by] W.B. Worthen.</marc:subfield>
      </marc:datafield>
      <marc:datafield tag="250" ind1=" " ind2=" ">
         <marc:subfield code="a">4th ed.</marc:subfield>
      </marc:datafield>
      <marc:datafield tag="260" ind1=" " ind2=" ">
         <marc:subfield code="a">Boston, Mass. :</marc:subfield>
         <marc:subfield code="b">Thomson/Wadsworth,</marc:subfield>
         <marc:subfield code="c">c2004.</marc:subfield>
      </marc:datafield>
      <marc:datafield tag="300" ind1=" " ind2=" ">
         <marc:subfield code="a">xii, 1716 p. :</marc:subfield>
         <marc:subfield code="b">ill., maps ;</marc:subfield>
         <marc:subfield code="c">26 cm.</marc:subfield>
      </marc:datafield>
      <marc:datafield tag="500" ind1=" " ind2=" ">
         <marc:subfield code="a">Rev. ed. of: The Harcourt Brace anthology of drama. 3rd ed.</marc:subfield>
      </marc:datafield>
      <marc:datafield tag="504" ind1=" " ind2=" ">
         <marc:subfield code="a">Includes bibliographical references (p. 1685-1704) and index.</marc:subfield>
      </marc:datafield>
      <marc:datafield tag="505" ind1=" " ind2=" ">
         <marc:subfield code="a">Agamemnon; Oedipus the King; Medea; Lysistrata; Matsukaze, Chushingura: The Forty-Seven Samurai; Second Sheperd's Pageant; Everyman; Doctor Faustus; Hamlet; The Tempest; Life is a Dream; Tartuffe; Phaedra; The Rover; Load to the Divine Narcissus; A Doll House; The Father; The Cherry Orchard; Votes for Woman!;Major Barbara; Six Characters in Search of an Author; Mother Courage and her Children; Endgame; The Homecoming: India Song; Hamletmachine; Cloud Nine; Pentecos; The Octoroon; Trifles; Rachel; The hairy Ape; the Glass Menagerie; Death of a Salesman; Dutchamn; Los vendidos; Fefu and her Friends; True West; Fences; M. Butterfly; Angels in America Part 1: Millennium Approaches: Fires in the Mirror: Crown Heights, Brooklyn, and Other Identities; 36 Views; Topdog/Underdog; My Beatles; A Tempest; Information for Foreigners; The Island; Death of the King's Horseman; Translations; Gangsters; No Sugar; The Other Shore; Dry Lips Oughta Move to Kapskasing; Lion in the streets; Harvest.</marc:subfield>
      </marc:datafield>
      <marc:datafield tag="650" ind1=" " ind2="0">
         <marc:subfield code="a">Drama</marc:subfield>
         <marc:subfield code="v">Collections.</marc:subfield>
      </marc:datafield>
      <marc:datafield tag="700" ind1="1" ind2=" ">
         <marc:subfield code="a">Worthen, William B.,</marc:subfield>
         <marc:subfield code="d">1955-</marc:subfield>
      </marc:datafield>
      <marc:datafield tag="730" ind1="0" ind2=" ">
         <marc:subfield code="a">Harcourt Brace anthology of drama.</marc:subfield>
      </marc:datafield>
      <marc:datafield tag="990" ind1=" " ind2=" ">
         <marc:subfield code="a">251</marc:subfield>
      </marc:datafield>
      <marc:datafield tag="999" ind1=" " ind2=" ">
         <marc:subfield code="a">PN 6112 .H28 2004</marc:subfield>
         <marc:subfield code="w">LC</marc:subfield>
         <marc:subfield code="c">1</marc:subfield>
         <marc:subfield code="i">30173000070424</marc:subfield>
         <marc:subfield code="d">1/9/2017</marc:subfield>
         <marc:subfield code="e">11/22/2016</marc:subfield>
         <marc:subfield code="f">10/28/2010</marc:subfield>
         <marc:subfield code="g">2</marc:subfield>
         <marc:subfield code="l">STACKS</marc:subfield>
         <marc:subfield code="m">DEGEN_ROOM</marc:subfield>
         <marc:subfield code="n">9</marc:subfield>
         <marc:subfield code="r">Y</marc:subfield>
         <marc:subfield code="s">Y</marc:subfield>
         <marc:subfield code="t">BOOK</marc:subfield>
         <marc:subfield code="u">2/8/2007</marc:subfield>
      </marc:datafield>
      <marc:datafield tag="999" ind1=" " ind2=" ">
         <marc:subfield code="a">PN 6112 .H28 2004</marc:subfield>
         <marc:subfield code="w">LC</marc:subfield>
         <marc:subfield code="c">2</marc:subfield>
         <marc:subfield code="i">30173000102110</marc:subfield>
         <marc:subfield code="d">11/3/2010</marc:subfield>
         <marc:subfield code="f">11/3/2010</marc:subfield>
         <marc:subfield code="g">1</marc:subfield>
         <marc:subfield code="l">STACKS</marc:subfield>
         <marc:subfield code="m">DEGEN_ROOM</marc:subfield>
         <marc:subfield code="r">Y</marc:subfield>
         <marc:subfield code="s">Y</marc:subfield>
         <marc:subfield code="t">BOOK</marc:subfield>
         <marc:subfield code="u">11/3/2010</marc:subfield>
      </marc:datafield>
      <marc:datafield tag="999" ind1=" " ind2=" ">
         <marc:subfield code="a">PN 6112 .H28 2004</marc:subfield>
         <marc:subfield code="w">LC</marc:subfield>
         <marc:subfield code="c">3</marc:subfield>
         <marc:subfield code="i">30173000182385</marc:subfield>
         <marc:subfield code="d">3/14/2016</marc:subfield>
         <marc:subfield code="e">3/14/2016</marc:subfield>
         <marc:subfield code="f">9/26/2013</marc:subfield>
         <marc:subfield code="g">1</marc:subfield>
         <marc:subfield code="l">STACKS</marc:subfield>
         <marc:subfield code="m">DEGEN_ROOM</marc:subfield>
         <marc:subfield code="n">2</marc:subfield>
         <marc:subfield code="r">Y</marc:subfield>
         <marc:subfield code="s">Y</marc:subfield>
         <marc:subfield code="t">BOOK</marc:subfield>
         <marc:subfield code="u">9/26/2013</marc:subfield>
      </marc:datafield>
   </marc:record>