
   <marc:record>
      <marc:leader>00707nam a2200217 a 4500</marc:leader>
      <marc:controlfield tag="008">950628s1959    xxu           000 0 eng d</marc:controlfield>
      <marc:datafield tag="040" ind1=" " ind2=" ">
         <marc:subfield code="a">MvI</marc:subfield>
         <marc:subfield code="d">MvI</marc:subfield>
      </marc:datafield>
      <marc:datafield tag="082" ind1="0" ind2="0">
         <marc:subfield code="a">822.33</marc:subfield>
      </marc:datafield>
      <marc:datafield tag="100" ind1="1" ind2=" ">
         <marc:subfield code="a">Shakespeare, William,</marc:subfield>
         <marc:subfield code="d">1564-1616</marc:subfield>
      </marc:datafield>
      <marc:datafield tag="245" ind1="1" ind2="4">
         <marc:subfield code="a">The tempest.</marc:subfield>
         <marc:subfield code="c">Edited by Northrop Frye.</marc:subfield>
      </marc:datafield>
      <marc:datafield tag="260" ind1=" " ind2=" ">
         <marc:subfield code="a">Baltimore :</marc:subfield>
         <marc:subfield code="b">Penguin Books,</marc:subfield>
         <marc:subfield code="c">[c1959].</marc:subfield>
      </marc:datafield>
      <marc:datafield tag="300" ind1=" " ind2=" ">
         <marc:subfield code="a">112p. :</marc:subfield>
         <marc:subfield code="c">18cm.</marc:subfield>
      </marc:datafield>
      <marc:datafield tag="490" ind1="0" ind2=" ">
         <marc:subfield code="a">The pelican shakespeare,</marc:subfield>
         <marc:subfield code="v">A15.</marc:subfield>
      </marc:datafield>
      <marc:datafield tag="700" ind1="1" ind2="0">
         <marc:subfield code="a">Frye, Northrop,</marc:subfield>
         <marc:subfield code="e">ed.</marc:subfield>
      </marc:datafield>
      <marc:datafield tag="990" ind1=" " ind2=" ">
         <marc:subfield code="a">255</marc:subfield>
      </marc:datafield>
      <marc:datafield tag="999" ind1=" " ind2=" ">
         <marc:subfield code="a">PR 2833 .A2 F7</marc:subfield>
         <marc:subfield code="w">LC</marc:subfield>
         <marc:subfield code="c">1</marc:subfield>
         <marc:subfield code="i">30173000070473</marc:subfield>
         <marc:subfield code="d">9/23/2010</marc:subfield>
         <marc:subfield code="f">9/23/2010</marc:subfield>
         <marc:subfield code="g">2</marc:subfield>
         <marc:subfield code="l">STACKS</marc:subfield>
         <marc:subfield code="m">DEGEN_ROOM</marc:subfield>
         <marc:subfield code="r">Y</marc:subfield>
         <marc:subfield code="s">Y</marc:subfield>
         <marc:subfield code="t">BOOK</marc:subfield>
         <marc:subfield code="u">2/8/2007</marc:subfield>
      </marc:datafield>
   </marc:record>