
   <marc:record>
      <marc:leader>00672nam a22002051  4500</marc:leader>
      <marc:controlfield tag="008">771130s1960    nyua          00000 eng  </marc:controlfield>
      <marc:datafield tag="082" ind1=" " ind2=" ">
         <marc:subfield code="a">808.2</marc:subfield>
      </marc:datafield>
      <marc:datafield tag="100" ind1="1" ind2="0">
         <marc:subfield code="a">Rowe, Kenneth Thorpe,</marc:subfield>
         <marc:subfield code="d">1900-</marc:subfield>
      </marc:datafield>
      <marc:datafield tag="245" ind1="1" ind2="2">
         <marc:subfield code="a">A theater in your head.</marc:subfield>
      </marc:datafield>
      <marc:datafield tag="260" ind1="0" ind2=" ">
         <marc:subfield code="a">New York,</marc:subfield>
         <marc:subfield code="b">Funk &amp; Wagnalls</marc:subfield>
         <marc:subfield code="c">[1960]</marc:subfield>
      </marc:datafield>
      <marc:datafield tag="300" ind1=" " ind2=" ">
         <marc:subfield code="a">438 p.</marc:subfield>
         <marc:subfield code="b">illus.</marc:subfield>
         <marc:subfield code="c">22 cm.</marc:subfield>
      </marc:datafield>
      <marc:datafield tag="650" ind1=" " ind2="0">
         <marc:subfield code="a">Drama</marc:subfield>
         <marc:subfield code="x">History and criticism.</marc:subfield>
      </marc:datafield>
      <marc:datafield tag="650" ind1=" " ind2="0">
         <marc:subfield code="a">Theater</marc:subfield>
         <marc:subfield code="x">Production and direction.</marc:subfield>
      </marc:datafield>
      <marc:datafield tag="990" ind1=" " ind2=" ">
         <marc:subfield code="a">271</marc:subfield>
      </marc:datafield>
      <marc:datafield tag="999" ind1=" " ind2=" ">
         <marc:subfield code="a">PN 1731 .R6</marc:subfield>
         <marc:subfield code="w">LC</marc:subfield>
         <marc:subfield code="c">1</marc:subfield>
         <marc:subfield code="i">30173000071117</marc:subfield>
         <marc:subfield code="d">4/28/2017</marc:subfield>
         <marc:subfield code="f">4/28/2017</marc:subfield>
         <marc:subfield code="g">3</marc:subfield>
         <marc:subfield code="l">STACKS</marc:subfield>
         <marc:subfield code="m">DEGEN_ROOM</marc:subfield>
         <marc:subfield code="r">Y</marc:subfield>
         <marc:subfield code="s">Y</marc:subfield>
         <marc:subfield code="t">BOOK</marc:subfield>
         <marc:subfield code="u">2/8/2007</marc:subfield>
      </marc:datafield>
   </marc:record>