
   <marc:record>
      <marc:leader>00998cam a2200253 i 4500</marc:leader>
      <marc:controlfield tag="008">750626s1975    nyuaf         00010 eng  </marc:controlfield>
      <marc:datafield tag="020" ind1=" " ind2=" ">
         <marc:subfield code="a">0394498402 :</marc:subfield>
         <marc:subfield code="c">17.95.</marc:subfield>
         <marc:subfield code="a">0394730895</marc:subfield>
         <marc:subfield code="b">pbk. :</marc:subfield>
         <marc:subfield code="c">8.95</marc:subfield>
      </marc:datafield>
      <marc:datafield tag="043" ind1=" " ind2=" ">
         <marc:subfield code="a">n-us---</marc:subfield>
      </marc:datafield>
      <marc:datafield tag="082" ind1=" " ind2=" ">
         <marc:subfield code="a">301.41/2/0973</marc:subfield>
      </marc:datafield>
      <marc:datafield tag="100" ind1="1" ind2="0">
         <marc:subfield code="a">Wald, Carol.</marc:subfield>
      </marc:datafield>
      <marc:datafield tag="245" ind1="1" ind2="0">
         <marc:subfield code="a">Myth America :</marc:subfield>
         <marc:subfield code="b">picturing women, 1865-1945 /</marc:subfield>
         <marc:subfield code="c">by Carol Wald ; text by Judith Papachristou ; book design by Paul Gamarello.</marc:subfield>
      </marc:datafield>
      <marc:datafield tag="250" ind1=" " ind2=" ">
         <marc:subfield code="a">1st ed.</marc:subfield>
      </marc:datafield>
      <marc:datafield tag="260" ind1="0" ind2=" ">
         <marc:subfield code="a">New York :</marc:subfield>
         <marc:subfield code="b">Pantheon Books,</marc:subfield>
         <marc:subfield code="c">[1975]</marc:subfield>
      </marc:datafield>
      <marc:datafield tag="300" ind1=" " ind2=" ">
         <marc:subfield code="a">viii, 182 p., [1] leaf of plates :</marc:subfield>
         <marc:subfield code="b">ill. ;</marc:subfield>
         <marc:subfield code="c">28 cm.</marc:subfield>
      </marc:datafield>
      <marc:datafield tag="650" ind1=" " ind2="0">
         <marc:subfield code="a">Women</marc:subfield>
         <marc:subfield code="z">United States</marc:subfield>
         <marc:subfield code="x">History</marc:subfield>
         <marc:subfield code="x">Pictorial works.</marc:subfield>
      </marc:datafield>
      <marc:datafield tag="650" ind1=" " ind2="0">
         <marc:subfield code="a">Women</marc:subfield>
         <marc:subfield code="z">United States</marc:subfield>
         <marc:subfield code="x">Social conditions</marc:subfield>
         <marc:subfield code="x">Pictorial works.</marc:subfield>
      </marc:datafield>
      <marc:datafield tag="700" ind1="1" ind2="0">
         <marc:subfield code="a">Papachristou, Judith.</marc:subfield>
      </marc:datafield>
      <marc:datafield tag="990" ind1=" " ind2=" ">
         <marc:subfield code="a">273</marc:subfield>
      </marc:datafield>
      <marc:datafield tag="999" ind1=" " ind2=" ">
         <marc:subfield code="a">HQ 1419 .W28</marc:subfield>
         <marc:subfield code="w">LC</marc:subfield>
         <marc:subfield code="c">1</marc:subfield>
         <marc:subfield code="i">30173000071166</marc:subfield>
         <marc:subfield code="d">1/30/2017</marc:subfield>
         <marc:subfield code="f">1/30/2017</marc:subfield>
         <marc:subfield code="g">3</marc:subfield>
         <marc:subfield code="l">STACKS</marc:subfield>
         <marc:subfield code="m">DEGEN_ROOM</marc:subfield>
         <marc:subfield code="r">Y</marc:subfield>
         <marc:subfield code="s">Y</marc:subfield>
         <marc:subfield code="t">BOOK</marc:subfield>
         <marc:subfield code="u">2/8/2007</marc:subfield>
      </marc:datafield>
   </marc:record>