
   <marc:record>
      <marc:leader>01073cam a2200301   4500</marc:leader>
      <marc:controlfield tag="005">19900330100331.0</marc:controlfield>
      <marc:controlfield tag="008">730301s1972    nyu           000 0 eng  </marc:controlfield>
      <marc:datafield tag="020" ind1=" " ind2=" ">
         <marc:subfield code="a">0394482808</marc:subfield>
      </marc:datafield>
      <marc:datafield tag="020" ind1=" " ind2=" ">
         <marc:subfield code="a">0394177908</marc:subfield>
      </marc:datafield>
      <marc:datafield tag="040" ind1=" " ind2=" ">
         <marc:subfield code="a">DLC</marc:subfield>
         <marc:subfield code="c">DLC</marc:subfield>
         <marc:subfield code="d">DLC</marc:subfield>
      </marc:datafield>
      <marc:datafield tag="041" ind1="1" ind2=" ">
         <marc:subfield code="a">engpol</marc:subfield>
      </marc:datafield>
      <marc:datafield tag="082" ind1="0" ind2="0">
         <marc:subfield code="a">891.8/5/27</marc:subfield>
      </marc:datafield>
      <marc:datafield tag="100" ind1="1" ind2="0">
         <marc:subfield code="a">Mrozek, Sawomir.</marc:subfield>
      </marc:datafield>
      <marc:datafield tag="245" ind1="1" ind2="0">
         <marc:subfield code="a">Striptease, Repeat performance, and The prophets;</marc:subfield>
         <marc:subfield code="b">three plays,</marc:subfield>
         <marc:subfield code="c">by Slawomir Mrozek.</marc:subfield>
      </marc:datafield>
      <marc:datafield tag="260" ind1="0" ind2=" ">
         <marc:subfield code="a">New York,</marc:subfield>
         <marc:subfield code="b">Grove Press</marc:subfield>
         <marc:subfield code="c">[c1972]</marc:subfield>
      </marc:datafield>
      <marc:datafield tag="300" ind1=" " ind2=" ">
         <marc:subfield code="a">166 p.</marc:subfield>
         <marc:subfield code="c">21 cm.</marc:subfield>
      </marc:datafield>
      <marc:datafield tag="350" ind1=" " ind2=" ">
         <marc:subfield code="a">$6.95</marc:subfield>
      </marc:datafield>
      <marc:datafield tag="700" ind1="1" ind2="2">
         <marc:subfield code="a">Mrozek, Sawomir.</marc:subfield>
         <marc:subfield code="t">Repeat performance.</marc:subfield>
         <marc:subfield code="f">1972.</marc:subfield>
      </marc:datafield>
      <marc:datafield tag="700" ind1="1" ind2="2">
         <marc:subfield code="a">Mrozek, Sawomir.</marc:subfield>
         <marc:subfield code="t">Prophets.</marc:subfield>
         <marc:subfield code="f">1972.</marc:subfield>
      </marc:datafield>
      <marc:datafield tag="740" ind1="0" ind2="1">
         <marc:subfield code="a">Repeat performance.</marc:subfield>
      </marc:datafield>
      <marc:datafield tag="990" ind1=" " ind2=" ">
         <marc:subfield code="a">285</marc:subfield>
      </marc:datafield>
      <marc:datafield tag="999" ind1=" " ind2=" ">
         <marc:subfield code="a">PG 7172 .R65 S7</marc:subfield>
         <marc:subfield code="w">LC</marc:subfield>
         <marc:subfield code="c">1</marc:subfield>
         <marc:subfield code="i">30173000071349</marc:subfield>
         <marc:subfield code="d">4/18/2017</marc:subfield>
         <marc:subfield code="f">4/18/2017</marc:subfield>
         <marc:subfield code="g">3</marc:subfield>
         <marc:subfield code="l">STACKS</marc:subfield>
         <marc:subfield code="m">DEGEN_ROOM</marc:subfield>
         <marc:subfield code="r">Y</marc:subfield>
         <marc:subfield code="s">Y</marc:subfield>
         <marc:subfield code="t">BOOK</marc:subfield>
         <marc:subfield code="u">2/8/2007</marc:subfield>
      </marc:datafield>
      <marc:datafield tag="999" ind1=" " ind2=" ">
         <marc:subfield code="a">PG 7172 .R65 S7</marc:subfield>
         <marc:subfield code="w">LC</marc:subfield>
         <marc:subfield code="c">2</marc:subfield>
         <marc:subfield code="i">30173000078252</marc:subfield>
         <marc:subfield code="d">4/18/2017</marc:subfield>
         <marc:subfield code="f">4/18/2017</marc:subfield>
         <marc:subfield code="g">3</marc:subfield>
         <marc:subfield code="l">STACKS</marc:subfield>
         <marc:subfield code="m">DEGEN_ROOM</marc:subfield>
         <marc:subfield code="r">Y</marc:subfield>
         <marc:subfield code="s">Y</marc:subfield>
         <marc:subfield code="t">BOOK</marc:subfield>
         <marc:subfield code="u">6/3/2007</marc:subfield>
      </marc:datafield>
   </marc:record>