
   <marc:record>
      <marc:leader>01242cam a22002891  4500</marc:leader>
      <marc:controlfield tag="005">20060831162346.0</marc:controlfield>
      <marc:controlfield tag="008">750609s1967    nyu      b    000 0 eng  </marc:controlfield>
      <marc:datafield tag="010" ind1=" " ind2=" ">
         <marc:subfield code="a">   67016940</marc:subfield>
      </marc:datafield>
      <marc:datafield tag="040" ind1=" " ind2=" ">
         <marc:subfield code="a">DLC</marc:subfield>
         <marc:subfield code="c">FO</marc:subfield>
         <marc:subfield code="d">OCoLC</marc:subfield>
         <marc:subfield code="d">DLC</marc:subfield>
      </marc:datafield>
      <marc:datafield tag="041" ind1="1" ind2=" ">
         <marc:subfield code="a">eng</marc:subfield>
         <marc:subfield code="h">fre</marc:subfield>
      </marc:datafield>
      <marc:datafield tag="042" ind1=" " ind2=" ">
         <marc:subfield code="a">premarc</marc:subfield>
      </marc:datafield>
      <marc:datafield tag="082" ind1=" " ind2=" ">
         <marc:subfield code="a">842/.4</marc:subfield>
      </marc:datafield>
      <marc:datafield tag="100" ind1="1" ind2=" ">
         <marc:subfield code="a">Moliere,</marc:subfield>
         <marc:subfield code="d">1622-1673</marc:subfield>
      </marc:datafield>
      <marc:datafield tag="245" ind1="1" ind2="0">
         <marc:subfield code="a">Tartuffe, and other plays.</marc:subfield>
         <marc:subfield code="c">Translated with an introd. by Donald M. Frame.</marc:subfield>
      </marc:datafield>
      <marc:datafield tag="260" ind1=" " ind2=" ">
         <marc:subfield code="a">[New York]</marc:subfield>
         <marc:subfield code="b">New American Library</marc:subfield>
         <marc:subfield code="c">[1967]</marc:subfield>
      </marc:datafield>
      <marc:datafield tag="300" ind1=" " ind2=" ">
         <marc:subfield code="a">iv, 384 p.</marc:subfield>
         <marc:subfield code="c">22 cm.</marc:subfield>
      </marc:datafield>
      <marc:datafield tag="505" ind1="0" ind2=" ">
         <marc:subfield code="a">The ridiculous precieuses.--The school for husbands.--The school for wives.--The critique of the school for wives.--The Versailles impromptu.--Tartuffe; or, The imposter.--Don Juan; or, The stone guest.--Selected bibliography (p. [381]-384)</marc:subfield>
      </marc:datafield>
      <marc:datafield tag="700" ind1="1" ind2=" ">
         <marc:subfield code="a">Frame, Donald Murdoch,</marc:subfield>
         <marc:subfield code="d">1911-1991,</marc:subfield>
         <marc:subfield code="e">tr.</marc:subfield>
      </marc:datafield>
      <marc:datafield tag="990" ind1=" " ind2=" ">
         <marc:subfield code="a">292</marc:subfield>
      </marc:datafield>
      <marc:datafield tag="999" ind1=" " ind2=" ">
         <marc:subfield code="a">PQ 1825 .E5 F68</marc:subfield>
         <marc:subfield code="w">LC</marc:subfield>
         <marc:subfield code="c">1</marc:subfield>
         <marc:subfield code="i">30173000071448</marc:subfield>
         <marc:subfield code="d">1/15/2014</marc:subfield>
         <marc:subfield code="e">9/26/2013</marc:subfield>
         <marc:subfield code="f">9/21/2010</marc:subfield>
         <marc:subfield code="g">2</marc:subfield>
         <marc:subfield code="l">STACKS</marc:subfield>
         <marc:subfield code="m">DEGEN_ROOM</marc:subfield>
         <marc:subfield code="n">2</marc:subfield>
         <marc:subfield code="r">Y</marc:subfield>
         <marc:subfield code="s">Y</marc:subfield>
         <marc:subfield code="t">BOOK</marc:subfield>
         <marc:subfield code="u">2/8/2007</marc:subfield>
      </marc:datafield>
      <marc:datafield tag="999" ind1=" " ind2=" ">
         <marc:subfield code="a">PQ 1825 .E5 F68</marc:subfield>
         <marc:subfield code="w">LC</marc:subfield>
         <marc:subfield code="c">2</marc:subfield>
         <marc:subfield code="i">30173000182682</marc:subfield>
         <marc:subfield code="d">9/30/2013</marc:subfield>
         <marc:subfield code="f">9/30/2013</marc:subfield>
         <marc:subfield code="g">1</marc:subfield>
         <marc:subfield code="l">STACKS</marc:subfield>
         <marc:subfield code="m">DEGEN_ROOM</marc:subfield>
         <marc:subfield code="r">Y</marc:subfield>
         <marc:subfield code="s">Y</marc:subfield>
         <marc:subfield code="t">BOOK</marc:subfield>
         <marc:subfield code="u">9/30/2013</marc:subfield>
      </marc:datafield>
   </marc:record>