
   <marc:record>
      <marc:leader>00881cam a22002171  4500</marc:leader>
      <marc:controlfield tag="008">790809s1956    nyu           00000 eng  </marc:controlfield>
      <marc:datafield tag="082" ind1=" " ind2=" ">
         <marc:subfield code="a">808.82</marc:subfield>
      </marc:datafield>
      <marc:datafield tag="245" ind1="0" ind2="0">
         <marc:subfield code="a">Six great modern plays.</marc:subfield>
      </marc:datafield>
      <marc:datafield tag="260" ind1="0" ind2=" ">
         <marc:subfield code="a">[New York,</marc:subfield>
         <marc:subfield code="b">Dell Pub. Co.,</marc:subfield>
         <marc:subfield code="c">1956]</marc:subfield>
      </marc:datafield>
      <marc:datafield tag="300" ind1=" " ind2=" ">
         <marc:subfield code="a">512 p.</marc:subfield>
         <marc:subfield code="c">17 cm.</marc:subfield>
      </marc:datafield>
      <marc:datafield tag="490" ind1="0" ind2=" ">
         <marc:subfield code="a">A Dell first edition, FE 100</marc:subfield>
      </marc:datafield>
      <marc:datafield tag="505" ind1="0" ind2=" ">
         <marc:subfield code="a">Three sisters, by A. Chekhov.--The master builder, by H. Ibsen.--Mrs. Warren's profession, by G.B. Shaw.--Red roses for me, by S. O'Casey.--All my sons, by A. Miller.--The glass menagerie, by T. Williams.</marc:subfield>
      </marc:datafield>
      <marc:datafield tag="650" ind1=" " ind2="0">
         <marc:subfield code="a">Drama</marc:subfield>
         <marc:subfield code="y">19th century.</marc:subfield>
      </marc:datafield>
      <marc:datafield tag="650" ind1=" " ind2="0">
         <marc:subfield code="a">Drama</marc:subfield>
         <marc:subfield code="y">20th century.</marc:subfield>
      </marc:datafield>
      <marc:datafield tag="710" ind1="2" ind2="0">
         <marc:subfield code="a">Dell Publishing Company.</marc:subfield>
      </marc:datafield>
      <marc:datafield tag="990" ind1=" " ind2=" ">
         <marc:subfield code="a">296</marc:subfield>
      </marc:datafield>
      <marc:datafield tag="999" ind1=" " ind2=" ">
         <marc:subfield code="a">PN 6112 .S55</marc:subfield>
         <marc:subfield code="w">LC</marc:subfield>
         <marc:subfield code="c">1</marc:subfield>
         <marc:subfield code="i">30173000071497</marc:subfield>
         <marc:subfield code="d">10/16/2010</marc:subfield>
         <marc:subfield code="f">10/16/2010</marc:subfield>
         <marc:subfield code="g">2</marc:subfield>
         <marc:subfield code="l">STACKS</marc:subfield>
         <marc:subfield code="m">DEGEN_ROOM</marc:subfield>
         <marc:subfield code="r">Y</marc:subfield>
         <marc:subfield code="s">Y</marc:subfield>
         <marc:subfield code="t">BOOK</marc:subfield>
         <marc:subfield code="u">2/8/2007</marc:subfield>
      </marc:datafield>
   </marc:record>