
   <marc:record>
      <marc:leader>01007aam a2200253 a 4500</marc:leader>
      <marc:controlfield tag="005">19920107091839.8</marc:controlfield>
      <marc:controlfield tag="008">911119s1990    nyu           000 0 eng  </marc:controlfield>
      <marc:datafield tag="040" ind1=" " ind2=" ">
         <marc:subfield code="a">DLC</marc:subfield>
         <marc:subfield code="c">DLC</marc:subfield>
      </marc:datafield>
      <marc:datafield tag="082" ind1="0" ind2="0">
         <marc:subfield code="a">812/.54</marc:subfield>
         <marc:subfield code="2">20</marc:subfield>
      </marc:datafield>
      <marc:datafield tag="100" ind1="1" ind2="0">
         <marc:subfield code="a">Wilk, Max.</marc:subfield>
      </marc:datafield>
      <marc:datafield tag="245" ind1="1" ind2="0">
         <marc:subfield code="a">Mr. Williams and Miss Wood :</marc:subfield>
         <marc:subfield code="b">a two-character play /</marc:subfield>
         <marc:subfield code="c">by Max Wilk.</marc:subfield>
      </marc:datafield>
      <marc:datafield tag="260" ind1="0" ind2=" ">
         <marc:subfield code="a">New York, N.Y. (440 Park Ave. South, New York, 10016) :</marc:subfield>
         <marc:subfield code="b">Dramatists Playservice,</marc:subfield>
         <marc:subfield code="c">c1990.</marc:subfield>
      </marc:datafield>
      <marc:datafield tag="300" ind1=" " ind2=" ">
         <marc:subfield code="a">42 p. ;</marc:subfield>
         <marc:subfield code="c">22 cm.</marc:subfield>
      </marc:datafield>
      <marc:datafield tag="500" ind1=" " ind2=" ">
         <marc:subfield code="a">"Adapted from 'Represented by Audrey Wood' by Audrey Wood and Max Wilk."</marc:subfield>
      </marc:datafield>
      <marc:datafield tag="600" ind1="1" ind2="0">
         <marc:subfield code="a">Williams, Tennessee,</marc:subfield>
         <marc:subfield code="d">1911-1983</marc:subfield>
         <marc:subfield code="x">Drama.</marc:subfield>
      </marc:datafield>
      <marc:datafield tag="600" ind1="1" ind2="0">
         <marc:subfield code="a">Wood, Audrey,</marc:subfield>
         <marc:subfield code="d">1905- </marc:subfield>
         <marc:subfield code="x">Drama.</marc:subfield>
      </marc:datafield>
      <marc:datafield tag="700" ind1="1" ind2="0">
         <marc:subfield code="a">Wood, Audrey,</marc:subfield>
         <marc:subfield code="d">1905-</marc:subfield>
         <marc:subfield code="t">Represented by Audrey Wood.</marc:subfield>
      </marc:datafield>
      <marc:datafield tag="740" ind1="0" ind2="1">
         <marc:subfield code="a">Mister Williams and Miss Wood.</marc:subfield>
      </marc:datafield>
      <marc:datafield tag="990" ind1=" " ind2=" ">
         <marc:subfield code="a">298</marc:subfield>
      </marc:datafield>
      <marc:datafield tag="999" ind1=" " ind2=" ">
         <marc:subfield code="a">PS 3545 .I365 M7 1990</marc:subfield>
         <marc:subfield code="w">LC</marc:subfield>
         <marc:subfield code="c">1</marc:subfield>
         <marc:subfield code="i">30173000071570</marc:subfield>
         <marc:subfield code="d">11/3/2010</marc:subfield>
         <marc:subfield code="f">11/3/2010</marc:subfield>
         <marc:subfield code="g">2</marc:subfield>
         <marc:subfield code="l">STACKS</marc:subfield>
         <marc:subfield code="m">DEGEN_ROOM</marc:subfield>
         <marc:subfield code="r">Y</marc:subfield>
         <marc:subfield code="s">Y</marc:subfield>
         <marc:subfield code="t">BOOK</marc:subfield>
         <marc:subfield code="u">2/8/2007</marc:subfield>
      </marc:datafield>
   </marc:record>