
   <marc:record>
      <marc:leader>00998nam a2200241 a 4500</marc:leader>
      <marc:controlfield tag="008">830628s1982    dcua          00010 eng  </marc:controlfield>
      <marc:datafield tag="020" ind1=" " ind2=" ">
         <marc:subfield code="a">0894610384 :</marc:subfield>
         <marc:subfield code="c">$13.95</marc:subfield>
      </marc:datafield>
      <marc:datafield tag="020" ind1=" " ind2=" ">
         <marc:subfield code="a">0894610392 (pbk.)</marc:subfield>
      </marc:datafield>
      <marc:datafield tag="039" ind1="0" ind2=" ">
         <marc:subfield code="a">2</marc:subfield>
         <marc:subfield code="b">3</marc:subfield>
         <marc:subfield code="c">3</marc:subfield>
         <marc:subfield code="d">3</marc:subfield>
         <marc:subfield code="e">3</marc:subfield>
      </marc:datafield>
      <marc:datafield tag="082" ind1="0" ind2=" ">
         <marc:subfield code="a">792/.028/02373</marc:subfield>
         <marc:subfield code="2">19</marc:subfield>
      </marc:datafield>
      <marc:datafield tag="100" ind1="1" ind2="0">
         <marc:subfield code="a">Logan, Tom.</marc:subfield>
      </marc:datafield>
      <marc:datafield tag="245" ind1="1" ind2="0">
         <marc:subfield code="a">How to act &amp; eat at the same time :</marc:subfield>
         <marc:subfield code="b">the business of landing a professional acting job /</marc:subfield>
         <marc:subfield code="c">by Tom Logan.</marc:subfield>
      </marc:datafield>
      <marc:datafield tag="260" ind1="0" ind2=" ">
         <marc:subfield code="a">Washington, D.C. :</marc:subfield>
         <marc:subfield code="b">Communications Press,</marc:subfield>
         <marc:subfield code="c">c1982.</marc:subfield>
      </marc:datafield>
      <marc:datafield tag="300" ind1=" " ind2=" ">
         <marc:subfield code="a">xii, 132 p. :</marc:subfield>
         <marc:subfield code="b">ill. ;</marc:subfield>
         <marc:subfield code="c">22 cm.</marc:subfield>
      </marc:datafield>
      <marc:datafield tag="650" ind1=" " ind2="0">
         <marc:subfield code="a">Acting</marc:subfield>
         <marc:subfield code="x">Vocational guidance.</marc:subfield>
      </marc:datafield>
      <marc:datafield tag="740" ind1="0" ind2="1">
         <marc:subfield code="a">How to act and eat at the same time.</marc:subfield>
      </marc:datafield>
      <marc:datafield tag="990" ind1=" " ind2=" ">
         <marc:subfield code="a">305</marc:subfield>
      </marc:datafield>
      <marc:datafield tag="999" ind1=" " ind2=" ">
         <marc:subfield code="a">PN2055 .L64 1982</marc:subfield>
         <marc:subfield code="w">LC</marc:subfield>
         <marc:subfield code="c">2</marc:subfield>
         <marc:subfield code="i">30173000092931</marc:subfield>
         <marc:subfield code="d">10/12/2010</marc:subfield>
         <marc:subfield code="f">10/12/2010</marc:subfield>
         <marc:subfield code="g">1</marc:subfield>
         <marc:subfield code="l">STACKS</marc:subfield>
         <marc:subfield code="m">DEGEN_ROOM</marc:subfield>
         <marc:subfield code="r">Y</marc:subfield>
         <marc:subfield code="s">Y</marc:subfield>
         <marc:subfield code="t">BOOK</marc:subfield>
         <marc:subfield code="u">10/12/2010</marc:subfield>
      </marc:datafield>
      <marc:datafield tag="999" ind1=" " ind2=" ">
         <marc:subfield code="a">PN2055 .L64 1982</marc:subfield>
         <marc:subfield code="w">LC</marc:subfield>
         <marc:subfield code="c">3</marc:subfield>
         <marc:subfield code="i">30173000180306</marc:subfield>
         <marc:subfield code="d">10/10/2013</marc:subfield>
         <marc:subfield code="f">10/10/2013</marc:subfield>
         <marc:subfield code="g">1</marc:subfield>
         <marc:subfield code="l">STACKS</marc:subfield>
         <marc:subfield code="m">DEGEN_ROOM</marc:subfield>
         <marc:subfield code="r">Y</marc:subfield>
         <marc:subfield code="s">Y</marc:subfield>
         <marc:subfield code="t">BOOK</marc:subfield>
         <marc:subfield code="u">10/10/2013</marc:subfield>
      </marc:datafield>
   </marc:record>