
   <marc:record>
      <marc:leader>00564cam a2200121   4500</marc:leader>
      <marc:controlfield tag="008">070330n                      000 0 eng u</marc:controlfield>
      <marc:datafield tag="100" ind1="1" ind2=" ">
         <marc:subfield code="a">Miller, J. P. (James Pinckney), 1919-2001.</marc:subfield>
      </marc:datafield>
      <marc:datafield tag="245" ind1=" " ind2=" ">
         <marc:subfield code="a">Days of wine and roses : a play in three acts adapted to the stage by J. P. Miller ; based on his original television play.</marc:subfield>
      </marc:datafield>
      <marc:datafield tag="260" ind1=" " ind2=" ">
         <marc:subfield code="a">New York : Dramatists Play Service, 1973</marc:subfield>
      </marc:datafield>
      <marc:datafield tag="300" ind1=" " ind2=" ">
         <marc:subfield code="a">52 p. ; 20 cm.</marc:subfield>
      </marc:datafield>
      <marc:datafield tag="990" ind1=" " ind2=" ">
         <marc:subfield code="a">312</marc:subfield>
      </marc:datafield>
      <marc:datafield tag="999" ind1=" " ind2=" ">
         <marc:subfield code="a">PS 3563 .I397 D3 1973</marc:subfield>
         <marc:subfield code="w">LC</marc:subfield>
         <marc:subfield code="c">1</marc:subfield>
         <marc:subfield code="i">30173000072040</marc:subfield>
         <marc:subfield code="d">9/28/2010</marc:subfield>
         <marc:subfield code="f">9/28/2010</marc:subfield>
         <marc:subfield code="g">2</marc:subfield>
         <marc:subfield code="l">STACKS</marc:subfield>
         <marc:subfield code="m">DEGEN_ROOM</marc:subfield>
         <marc:subfield code="r">Y</marc:subfield>
         <marc:subfield code="s">Y</marc:subfield>
         <marc:subfield code="t">BOOK</marc:subfield>
         <marc:subfield code="u">3/30/2007</marc:subfield>
      </marc:datafield>
   </marc:record>