
   <marc:record>
      <marc:leader>00436cam a2200121   4500</marc:leader>
      <marc:controlfield tag="008">070330n                      000 0 eng u</marc:controlfield>
      <marc:datafield tag="100" ind1="1" ind2=" ">
         <marc:subfield code="a">Ribman, Ronald.</marc:subfield>
      </marc:datafield>
      <marc:datafield tag="245" ind1="1" ind2="4">
         <marc:subfield code="a">The ceremony of innocence.</marc:subfield>
      </marc:datafield>
      <marc:datafield tag="260" ind1=" " ind2=" ">
         <marc:subfield code="a">[New York]  Dramatists Play Service  [c1968].</marc:subfield>
      </marc:datafield>
      <marc:datafield tag="300" ind1=" " ind2=" ">
         <marc:subfield code="a">54 p. illus. 20 cm.</marc:subfield>
      </marc:datafield>
      <marc:datafield tag="990" ind1=" " ind2=" ">
         <marc:subfield code="a">340</marc:subfield>
      </marc:datafield>
      <marc:datafield tag="999" ind1=" " ind2=" ">
         <marc:subfield code="a">PS3568 .I2 C47</marc:subfield>
         <marc:subfield code="w">LC</marc:subfield>
         <marc:subfield code="c">1</marc:subfield>
         <marc:subfield code="i">30173000072347</marc:subfield>
         <marc:subfield code="d">9/28/2010</marc:subfield>
         <marc:subfield code="f">9/28/2010</marc:subfield>
         <marc:subfield code="g">2</marc:subfield>
         <marc:subfield code="l">STACKS</marc:subfield>
         <marc:subfield code="m">DEGEN_ROOM</marc:subfield>
         <marc:subfield code="r">Y</marc:subfield>
         <marc:subfield code="s">Y</marc:subfield>
         <marc:subfield code="t">BOOK</marc:subfield>
         <marc:subfield code="u">3/30/2007</marc:subfield>
      </marc:datafield>
   </marc:record>