
   <marc:record>
      <marc:leader>00939cam a2200181 a 4500</marc:leader>
      <marc:controlfield tag="008">070401s1948    nyue          000 0 eng d</marc:controlfield>
      <marc:datafield tag="100" ind1="1" ind2=" ">
         <marc:subfield code="a">Lindsay, Howard, 1889-1968.Lindsay, Howard, </marc:subfield>
         <marc:subfield code="d"> 1889-1968.</marc:subfield>
      </marc:datafield>
      <marc:datafield tag="240" ind1=" " ind2=" ">
         <marc:subfield code="a">Life with father</marc:subfield>
      </marc:datafield>
      <marc:datafield tag="245" ind1=" " ind2=" ">
         <marc:subfield code="a">Clarence Day's Life with father : </marc:subfield>
         <marc:subfield code="b"> made into a play in three acts / </marc:subfield>
         <marc:subfield code="c"> by Howard Lindsay and Russel Crouse.</marc:subfield>
      </marc:datafield>
      <marc:datafield tag="250" ind1=" " ind2=" ">
         <marc:subfield code="a">Rev. Acting ed. / </marc:subfield>
         <marc:subfield code="b"> with notes to the Stage Director by the Authors.</marc:subfield>
      </marc:datafield>
      <marc:datafield tag="260" ind1=" " ind2=" ">
         <marc:subfield code="a">New York : </marc:subfield>
         <marc:subfield code="b"> Dramatists Play Service, </marc:subfield>
         <marc:subfield code="c"> 1948.</marc:subfield>
      </marc:datafield>
      <marc:datafield tag="300" ind1=" " ind2=" ">
         <marc:subfield code="a">109 p. : </marc:subfield>
         <marc:subfield code="b"> plan ; </marc:subfield>
         <marc:subfield code="c"> 20 cm.</marc:subfield>
      </marc:datafield>
      <marc:datafield tag="700" ind1=" " ind2=" ">
         <marc:subfield code="a">Crouse, Russel, </marc:subfield>
         <marc:subfield code="d"> 1893-1966.</marc:subfield>
      </marc:datafield>
      <marc:datafield tag="700" ind1=" " ind2=" ">
         <marc:subfield code="a">Day, Clarence, </marc:subfield>
         <marc:subfield code="d"> 1874-1935. </marc:subfield>
         <marc:subfield code="t"> Life with father.</marc:subfield>
      </marc:datafield>
      <marc:datafield tag="990" ind1=" " ind2=" ">
         <marc:subfield code="a">373</marc:subfield>
      </marc:datafield>
      <marc:datafield tag="999" ind1=" " ind2=" ">
         <marc:subfield code="a">PS 3507 .A858 L67</marc:subfield>
         <marc:subfield code="w">LC</marc:subfield>
         <marc:subfield code="c">1</marc:subfield>
         <marc:subfield code="i">30173000072701</marc:subfield>
         <marc:subfield code="d">9/27/2010</marc:subfield>
         <marc:subfield code="f">9/27/2010</marc:subfield>
         <marc:subfield code="g">2</marc:subfield>
         <marc:subfield code="l">STACKS</marc:subfield>
         <marc:subfield code="m">DEGEN_ROOM</marc:subfield>
         <marc:subfield code="r">Y</marc:subfield>
         <marc:subfield code="s">Y</marc:subfield>
         <marc:subfield code="t">BOOK</marc:subfield>
         <marc:subfield code="u">4/1/2007</marc:subfield>
      </marc:datafield>
      <marc:datafield tag="999" ind1=" " ind2=" ">
         <marc:subfield code="a">PS 3507 .A858 L67</marc:subfield>
         <marc:subfield code="w">LC</marc:subfield>
         <marc:subfield code="c">2</marc:subfield>
         <marc:subfield code="i">30173000105980</marc:subfield>
         <marc:subfield code="d">1/11/2011</marc:subfield>
         <marc:subfield code="f">1/11/2011</marc:subfield>
         <marc:subfield code="g">1</marc:subfield>
         <marc:subfield code="l">STACKS</marc:subfield>
         <marc:subfield code="m">DEGEN_ROOM</marc:subfield>
         <marc:subfield code="r">Y</marc:subfield>
         <marc:subfield code="s">Y</marc:subfield>
         <marc:subfield code="t">BOOK</marc:subfield>
         <marc:subfield code="u">1/10/2011</marc:subfield>
      </marc:datafield>
   </marc:record>