
   <marc:record>
      <marc:leader>00417cam a2200121   4500</marc:leader>
      <marc:controlfield tag="008">070401n                      000 0 eng u</marc:controlfield>
      <marc:datafield tag="020" ind1=" " ind2=" ">
         <marc:subfield code="a">0573612072</marc:subfield>
      </marc:datafield>
      <marc:datafield tag="100" ind1="1" ind2=" ">
         <marc:subfield code="a"> Flynn, Louis.</marc:subfield>
      </marc:datafield>
      <marc:datafield tag="245" ind1=" " ind2=" ">
         <marc:subfield code="a">Madness on Madrona Drive : a comedy in three acts</marc:subfield>
      </marc:datafield>
      <marc:datafield tag="260" ind1=" " ind2=" ">
         <marc:subfield code="a">S. French,1977</marc:subfield>
      </marc:datafield>
      <marc:datafield tag="300" ind1=" " ind2=" ">
         <marc:subfield code="a">90 p.</marc:subfield>
      </marc:datafield>
      <marc:datafield tag="990" ind1=" " ind2=" ">
         <marc:subfield code="a">379</marc:subfield>
      </marc:datafield>
      <marc:datafield tag="999" ind1=" " ind2=" ">
         <marc:subfield code="a">PS 3556 .L85 M3</marc:subfield>
         <marc:subfield code="w">LC</marc:subfield>
         <marc:subfield code="c">1</marc:subfield>
         <marc:subfield code="i">30173000072768</marc:subfield>
         <marc:subfield code="d">9/28/2010</marc:subfield>
         <marc:subfield code="f">9/28/2010</marc:subfield>
         <marc:subfield code="g">2</marc:subfield>
         <marc:subfield code="l">STACKS</marc:subfield>
         <marc:subfield code="m">DEGEN_ROOM</marc:subfield>
         <marc:subfield code="r">Y</marc:subfield>
         <marc:subfield code="s">Y</marc:subfield>
         <marc:subfield code="t">BOOK</marc:subfield>
         <marc:subfield code="u">4/1/2007</marc:subfield>
      </marc:datafield>
   </marc:record>