
   <marc:record>
      <marc:leader>01041cam a2200157   4500</marc:leader>
      <marc:controlfield tag="008">070402n                      000 0 eng u</marc:controlfield>
      <marc:datafield tag="020" ind1=" " ind2=" ">
         <marc:subfield code="a">0822217031</marc:subfield>
      </marc:datafield>
      <marc:datafield tag="100" ind1="1" ind2=" ">
         <marc:subfield code="a">Lonergan, Kenneth.</marc:subfield>
      </marc:datafield>
      <marc:datafield tag="245" ind1=" " ind2=" ">
         <marc:subfield code="a">This is our youth</marc:subfield>
      </marc:datafield>
      <marc:datafield tag="260" ind1=" " ind2=" ">
         <marc:subfield code="a">New York : Dramatists Play Service, c1999.</marc:subfield>
      </marc:datafield>
      <marc:datafield tag="300" ind1=" " ind2=" ">
         <marc:subfield code="a">68 pages</marc:subfield>
      </marc:datafield>
      <marc:datafield tag="505" ind1=" " ind2=" ">
         <marc:subfield code="a">Cast: 2 men, 1 woman: 3 total / Setting: UNIT SET</marc:subfield>
      </marc:datafield>
      <marc:datafield tag="520" ind1=" " ind2=" ">
         <marc:subfield code="a">In 1982, on Manhattan's Upper West Side, the wealthy, articulate pot-smoking teenagers who were small children in the '60s have emerged as young adults in a country that has just resoundingly rejected everything they were brought up to believe in.</marc:subfield>
      </marc:datafield>
      <marc:datafield tag="650" ind1=" " ind2=" ">
         <marc:subfield code="a"> Children of the rich --New York (State) --New York --Drama.    City and town life --New York (State) --New York --Drama.    Youth --New York (State) --New York --Drama.    Upper West Side (New York, N.Y.) --Drama.    New York (N.Y.) --Drama.</marc:subfield>
      </marc:datafield>
      <marc:datafield tag="990" ind1=" " ind2=" ">
         <marc:subfield code="a">432</marc:subfield>
      </marc:datafield>
      <marc:datafield tag="999" ind1=" " ind2=" ">
         <marc:subfield code="a">PS 3562 .O4886 T47 1999</marc:subfield>
         <marc:subfield code="w">LC</marc:subfield>
         <marc:subfield code="c">1</marc:subfield>
         <marc:subfield code="i">30173000228741</marc:subfield>
         <marc:subfield code="d">4/6/2017</marc:subfield>
         <marc:subfield code="e">4/6/2017</marc:subfield>
         <marc:subfield code="f">3/24/2016</marc:subfield>
         <marc:subfield code="g">3</marc:subfield>
         <marc:subfield code="k">CHECKEDOUT</marc:subfield>
         <marc:subfield code="l">STACKS</marc:subfield>
         <marc:subfield code="m">DEGEN_ROOM</marc:subfield>
         <marc:subfield code="n">8</marc:subfield>
         <marc:subfield code="r">N</marc:subfield>
         <marc:subfield code="s">Y</marc:subfield>
         <marc:subfield code="t">BOOK</marc:subfield>
         <marc:subfield code="u">4/2/2007</marc:subfield>
      </marc:datafield>
   </marc:record>