
   <marc:record>
      <marc:leader>00682cam a2200133   4500</marc:leader>
      <marc:controlfield tag="008">070403n                      000 0 eng u</marc:controlfield>
      <marc:datafield tag="100" ind1="1" ind2=" ">
         <marc:subfield code="a">Strouse, Charles.</marc:subfield>
      </marc:datafield>
      <marc:datafield tag="245" ind1=" " ind2=" ">
         <marc:subfield code="a">All American : a musical comedy / music by Charles Strouse ; lyrics by Lee Adams ; book by Mel Brooks ; adapted by June Walker Rogers; based on Professor Fodorski by Robert Lewis Taylor.</marc:subfield>
      </marc:datafield>
      <marc:datafield tag="260" ind1=" " ind2=" ">
         <marc:subfield code="a">Chicago : Dramatic Pub. Co., c 1972.</marc:subfield>
      </marc:datafield>
      <marc:datafield tag="300" ind1=" " ind2=" ">
         <marc:subfield code="a">111 p. ; 18 cm.</marc:subfield>
      </marc:datafield>
      <marc:datafield tag="700" ind1=" " ind2=" ">
         <marc:subfield code="a">Adams, Lee, 1924-  Brooks, Mel. Taylor, Robert Lewis. Professor Fodorski.</marc:subfield>
      </marc:datafield>
      <marc:datafield tag="990" ind1=" " ind2=" ">
         <marc:subfield code="a">447</marc:subfield>
      </marc:datafield>
      <marc:datafield tag="999" ind1=" " ind2=" ">
         <marc:subfield code="a">PS 3503 R71</marc:subfield>
         <marc:subfield code="w">LC</marc:subfield>
         <marc:subfield code="c">1</marc:subfield>
         <marc:subfield code="i">30173000073493</marc:subfield>
         <marc:subfield code="d">10/3/2013</marc:subfield>
         <marc:subfield code="e">9/13/2013</marc:subfield>
         <marc:subfield code="f">9/27/2010</marc:subfield>
         <marc:subfield code="g">2</marc:subfield>
         <marc:subfield code="l">STACKS</marc:subfield>
         <marc:subfield code="m">DEGEN_ROOM</marc:subfield>
         <marc:subfield code="n">1</marc:subfield>
         <marc:subfield code="r">Y</marc:subfield>
         <marc:subfield code="s">Y</marc:subfield>
         <marc:subfield code="t">BOOK</marc:subfield>
         <marc:subfield code="u">4/3/2007</marc:subfield>
      </marc:datafield>
   </marc:record>