
   <marc:record>
      <marc:leader>00636cam a2200133   4500</marc:leader>
      <marc:controlfield tag="008">070403n                      000 0 eng u</marc:controlfield>
      <marc:datafield tag="100" ind1="1" ind2=" ">
         <marc:subfield code="a">Ebb, Fred.</marc:subfield>
      </marc:datafield>
      <marc:datafield tag="245" ind1="1" ind2="4">
         <marc:subfield code="a">The happy time : a musical play in two acts / book by N. Richard Nash ; music by John Kander ; lyrics by Fred Ebb ; based upon the play by Samuel A. Taylor and the book by Robert L. Fontaine.</marc:subfield>
      </marc:datafield>
      <marc:datafield tag="260" ind1=" " ind2=" ">
         <marc:subfield code="a">Chicago : Dramatic Pub. Co., [c1969]</marc:subfield>
      </marc:datafield>
      <marc:datafield tag="300" ind1=" " ind2=" ">
         <marc:subfield code="a">133 p. ; 18 cm.</marc:subfield>
      </marc:datafield>
      <marc:datafield tag="650" ind1=" " ind2=" ">
         <marc:subfield code="a">Musicals--Librettos.</marc:subfield>
      </marc:datafield>
      <marc:datafield tag="990" ind1=" " ind2=" ">
         <marc:subfield code="a">449</marc:subfield>
      </marc:datafield>
      <marc:datafield tag="999" ind1=" " ind2=" ">
         <marc:subfield code="a">ML 50 .K173 H3 1969</marc:subfield>
         <marc:subfield code="w">LC</marc:subfield>
         <marc:subfield code="c">1</marc:subfield>
         <marc:subfield code="i">30173000073527</marc:subfield>
         <marc:subfield code="d">8/7/2014</marc:subfield>
         <marc:subfield code="e">5/22/2014</marc:subfield>
         <marc:subfield code="f">10/1/2010</marc:subfield>
         <marc:subfield code="g">1</marc:subfield>
         <marc:subfield code="l">STACKS</marc:subfield>
         <marc:subfield code="m">DEGEN_ROOM</marc:subfield>
         <marc:subfield code="n">1</marc:subfield>
         <marc:subfield code="r">Y</marc:subfield>
         <marc:subfield code="s">Y</marc:subfield>
         <marc:subfield code="t">BOOK</marc:subfield>
         <marc:subfield code="u">4/3/2007</marc:subfield>
      </marc:datafield>
   </marc:record>