
   <marc:record>
      <marc:leader>00746cam a2200145   4500</marc:leader>
      <marc:controlfield tag="008">070403n                      000 0 eng u</marc:controlfield>
      <marc:datafield tag="100" ind1="1" ind2=" ">
         <marc:subfield code="a">Sullivan, Arthur,</marc:subfield>
         <marc:subfield code="c">Sir,</marc:subfield>
         <marc:subfield code="d">1842-1900.</marc:subfield>
      </marc:datafield>
      <marc:datafield tag="240" ind1=" " ind2=" ">
         <marc:subfield code="a">Gondoliers [musical score].</marc:subfield>
         <marc:subfield code="s">Vocal score.</marc:subfield>
         <marc:subfield code="l">English</marc:subfield>
      </marc:datafield>
      <marc:datafield tag="245" ind1="1" ind2="4">
         <marc:subfield code="a">The gondoliers;</marc:subfield>
         <marc:subfield code="b">or, The king of Barataria.</marc:subfield>
         <marc:subfield code="c">Book by W. S. Gilbert. Music by Arthur Sullivan. Authentic version edited by Bryceson Treharne ...</marc:subfield>
      </marc:datafield>
      <marc:datafield tag="260" ind1=" " ind2=" ">
         <marc:subfield code="a">New York,</marc:subfield>
         <marc:subfield code="b">G. Schirmer, inc. ;</marc:subfield>
         <marc:subfield code="a">Milwaukee, Wis. : </marc:subfield>
         <marc:subfield code="b">Distributed by Hal Leonard Pub.,</marc:subfield>
         <marc:subfield code="c">c1941.</marc:subfield>
      </marc:datafield>
      <marc:datafield tag="300" ind1=" " ind2=" ">
         <marc:subfield code="a">5 p. l., 277 p. :</marc:subfield>
         <marc:subfield code="c">28 cm.</marc:subfield>
      </marc:datafield>
      <marc:datafield tag="500" ind1=" " ind2=" ">
         <marc:subfield code="a">Operetta; acc. arr. for piano</marc:subfield>
      </marc:datafield>
      <marc:datafield tag="990" ind1=" " ind2=" ">
         <marc:subfield code="a">451</marc:subfield>
      </marc:datafield>
      <marc:datafield tag="999" ind1=" " ind2=" ">
         <marc:subfield code="a">M 1503 .S949 G55 1941</marc:subfield>
         <marc:subfield code="w">LC</marc:subfield>
         <marc:subfield code="c">1</marc:subfield>
         <marc:subfield code="i">30173000073543</marc:subfield>
         <marc:subfield code="d">1/31/2017</marc:subfield>
         <marc:subfield code="f">1/31/2017</marc:subfield>
         <marc:subfield code="g">4</marc:subfield>
         <marc:subfield code="l">STACKS</marc:subfield>
         <marc:subfield code="m">DEGEN_ROOM</marc:subfield>
         <marc:subfield code="r">Y</marc:subfield>
         <marc:subfield code="s">Y</marc:subfield>
         <marc:subfield code="t">BOOK</marc:subfield>
         <marc:subfield code="u">4/3/2007</marc:subfield>
      </marc:datafield>
   </marc:record>