
   <marc:record>
      <marc:leader>00757cam a2200181   4500</marc:leader>
      <marc:controlfield tag="008">070404n1975                  000 0 eng u</marc:controlfield>
      <marc:datafield tag="020" ind1=" " ind2=" ">
         <marc:subfield code="a">0573680728 pbk.</marc:subfield>
      </marc:datafield>
      <marc:datafield tag="100" ind1="1" ind2=" ">
         <marc:subfield code="a">McDonald, James.</marc:subfield>
      </marc:datafield>
      <marc:datafield tag="245" ind1=" " ind2=" ">
         <marc:subfield code="a">Something's afoot : a new murder mystery musical / book, music and lyrics by James McDonald, David Vos &amp; Robert Gerlach ; additional music by Ed Linderman</marc:subfield>
      </marc:datafield>
      <marc:datafield tag="260" ind1=" " ind2=" ">
         <marc:subfield code="a">New York : Samuel French, c1975.</marc:subfield>
      </marc:datafield>
      <marc:datafield tag="300" ind1=" " ind2=" ">
         <marc:subfield code="a">68 p. : ill. ; 21 cm.</marc:subfield>
      </marc:datafield>
      <marc:datafield tag="490" ind1=" " ind2=" ">
         <marc:subfield code="a">French's musical library</marc:subfield>
      </marc:datafield>
      <marc:datafield tag="650" ind1=" " ind2=" ">
         <marc:subfield code="a">Musicals--Librettos.</marc:subfield>
      </marc:datafield>
      <marc:datafield tag="700" ind1=" " ind2=" ">
         <marc:subfield code="a">Vos, David. Gerlach, Robert. Linderman, Ed.</marc:subfield>
      </marc:datafield>
      <marc:datafield tag="990" ind1=" " ind2=" ">
         <marc:subfield code="a">454</marc:subfield>
      </marc:datafield>
      <marc:datafield tag="999" ind1=" " ind2=" ">
         <marc:subfield code="a">ML 50 .M38 S6</marc:subfield>
         <marc:subfield code="w">LC</marc:subfield>
         <marc:subfield code="c">1</marc:subfield>
         <marc:subfield code="i">30173000073576</marc:subfield>
         <marc:subfield code="d">3/2/2017</marc:subfield>
         <marc:subfield code="f">3/2/2017</marc:subfield>
         <marc:subfield code="g">3</marc:subfield>
         <marc:subfield code="l">STACKS</marc:subfield>
         <marc:subfield code="m">DEGEN_ROOM</marc:subfield>
         <marc:subfield code="r">Y</marc:subfield>
         <marc:subfield code="s">Y</marc:subfield>
         <marc:subfield code="t">BOOK</marc:subfield>
         <marc:subfield code="u">4/4/2007</marc:subfield>
      </marc:datafield>
   </marc:record>