
   <marc:record>
      <marc:leader>00740cam a2200193   4500</marc:leader>
      <marc:controlfield tag="008">070404n1969                  000 0 eng u</marc:controlfield>
      <marc:datafield tag="020" ind1=" " ind2=" ">
         <marc:subfield code="a">0573680108</marc:subfield>
      </marc:datafield>
      <marc:datafield tag="100" ind1="1" ind2=" ">
         <marc:subfield code="a">Wise, Jim.</marc:subfield>
      </marc:datafield>
      <marc:datafield tag="240" ind1=" " ind2=" ">
         <marc:subfield code="a">Dames at sea. Libretto</marc:subfield>
      </marc:datafield>
      <marc:datafield tag="245" ind1=" " ind2=" ">
         <marc:subfield code="a">Dames at sea : a musical comedy / book and lyrics by George Haimsohn and Robin Miller ; music by Jim Wise.</marc:subfield>
      </marc:datafield>
      <marc:datafield tag="260" ind1=" " ind2=" ">
         <marc:subfield code="a">New York : S. French, c1969.</marc:subfield>
      </marc:datafield>
      <marc:datafield tag="300" ind1=" " ind2=" ">
         <marc:subfield code="a">58 p. : ill. ; 21 cm.</marc:subfield>
      </marc:datafield>
      <marc:datafield tag="440" ind1=" " ind2=" ">
         <marc:subfield code="a">French's musical library</marc:subfield>
      </marc:datafield>
      <marc:datafield tag="650" ind1=" " ind2=" ">
         <marc:subfield code="a">Musicals -- Librettos.</marc:subfield>
      </marc:datafield>
      <marc:datafield tag="700" ind1=" " ind2=" ">
         <marc:subfield code="a">Haimsohn, George. Miller, Robin, 1942-</marc:subfield>
      </marc:datafield>
      <marc:datafield tag="990" ind1=" " ind2=" ">
         <marc:subfield code="a">462</marc:subfield>
      </marc:datafield>
      <marc:datafield tag="999" ind1=" " ind2=" ">
         <marc:subfield code="a">ML 50 .W8106 D35 1969</marc:subfield>
         <marc:subfield code="w">LC</marc:subfield>
         <marc:subfield code="c">1</marc:subfield>
         <marc:subfield code="i">30173000073667</marc:subfield>
         <marc:subfield code="d">2/22/2017</marc:subfield>
         <marc:subfield code="f">2/22/2017</marc:subfield>
         <marc:subfield code="g">3</marc:subfield>
         <marc:subfield code="l">STACKS</marc:subfield>
         <marc:subfield code="m">DEGEN_ROOM</marc:subfield>
         <marc:subfield code="r">Y</marc:subfield>
         <marc:subfield code="s">Y</marc:subfield>
         <marc:subfield code="t">BOOK</marc:subfield>
         <marc:subfield code="u">4/4/2007</marc:subfield>
      </marc:datafield>
   </marc:record>