
   <marc:record>
      <marc:leader>00760cam a2200181   4500</marc:leader>
      <marc:controlfield tag="008">070404n                      000 0 eng u</marc:controlfield>
      <marc:datafield tag="100" ind1="1" ind2=" ">
         <marc:subfield code="a">Henderson, Ray, 1896-1971.</marc:subfield>
      </marc:datafield>
      <marc:datafield tag="240" ind1=" " ind2=" ">
         <marc:subfield code="a">[Good news. Libretto]</marc:subfield>
      </marc:datafield>
      <marc:datafield tag="245" ind1=" " ind2=" ">
         <marc:subfield code="a">Good news : a musical comedy / by Laurence Schwab and B.G. De Sylva ; lyrics by B.G. De Sylva and Lew Brown ; music by Ray Henderson.</marc:subfield>
      </marc:datafield>
      <marc:datafield tag="260" ind1=" " ind2=" ">
         <marc:subfield code="a">New York : S. French, c1959.</marc:subfield>
      </marc:datafield>
      <marc:datafield tag="300" ind1=" " ind2=" ">
         <marc:subfield code="a">74 p. : plans ; 22 cm.</marc:subfield>
      </marc:datafield>
      <marc:datafield tag="440" ind1=" " ind2=" ">
         <marc:subfield code="a">French?s musical library</marc:subfield>
      </marc:datafield>
      <marc:datafield tag="650" ind1=" " ind2=" ">
         <marc:subfield code="a">Musicals --Librettos.</marc:subfield>
      </marc:datafield>
      <marc:datafield tag="700" ind1=" " ind2=" ">
         <marc:subfield code="a">De Sylva, B. G. (Buddy Gard), 1896-1950. Brown, Lew.</marc:subfield>
      </marc:datafield>
      <marc:datafield tag="990" ind1=" " ind2=" ">
         <marc:subfield code="a">463</marc:subfield>
      </marc:datafield>
      <marc:datafield tag="999" ind1=" " ind2=" ">
         <marc:subfield code="a">ML 50. H5 G7 1959</marc:subfield>
         <marc:subfield code="w">LC</marc:subfield>
         <marc:subfield code="c">1</marc:subfield>
         <marc:subfield code="i">30173000073675</marc:subfield>
         <marc:subfield code="d">10/1/2010</marc:subfield>
         <marc:subfield code="f">10/1/2010</marc:subfield>
         <marc:subfield code="g">2</marc:subfield>
         <marc:subfield code="l">STACKS</marc:subfield>
         <marc:subfield code="m">DEGEN_ROOM</marc:subfield>
         <marc:subfield code="r">Y</marc:subfield>
         <marc:subfield code="s">Y</marc:subfield>
         <marc:subfield code="t">BOOK</marc:subfield>
         <marc:subfield code="u">4/4/2007</marc:subfield>
      </marc:datafield>
   </marc:record>