
   <marc:record>
      <marc:leader>00882cam a2200193   4500</marc:leader>
      <marc:controlfield tag="008">070404n1968                  000 0 eng u</marc:controlfield>
      <marc:datafield tag="100" ind1="1" ind2=" ">
         <marc:subfield code="a">Bernstein, Elmer.</marc:subfield>
      </marc:datafield>
      <marc:datafield tag="240" ind1=" " ind2=" ">
         <marc:subfield code="a">How now, Dow Jones. </marc:subfield>
         <marc:subfield code="s"> Libretto.</marc:subfield>
      </marc:datafield>
      <marc:datafield tag="245" ind1=" " ind2=" ">
         <marc:subfield code="a">How now, Dow Jones : a new musical comedy / book by Max Shulman ; lyrics by Carolyn Leigh ; music by Elmer Bernstein.</marc:subfield>
      </marc:datafield>
      <marc:datafield tag="260" ind1=" " ind2=" ">
         <marc:subfield code="a">New York : </marc:subfield>
         <marc:subfield code="b"> Samuel French, </marc:subfield>
         <marc:subfield code="c"> c1968.</marc:subfield>
      </marc:datafield>
      <marc:datafield tag="300" ind1=" " ind2=" ">
         <marc:subfield code="a">1 v. (various pagings) : </marc:subfield>
         <marc:subfield code="b"> ill. ; </marc:subfield>
         <marc:subfield code="c"> 23 cm.</marc:subfield>
      </marc:datafield>
      <marc:datafield tag="440" ind1=" " ind2=" ">
         <marc:subfield code="a">French's musical library</marc:subfield>
      </marc:datafield>
      <marc:datafield tag="650" ind1=" " ind2=" ">
         <marc:subfield code="a">Musicals $v Librettos.</marc:subfield>
      </marc:datafield>
      <marc:datafield tag="655" ind1=" " ind2=" ">
         <marc:subfield code="a">American drama (Comedy) 7 </marc:subfield>
         <marc:subfield code="a"> Comedies. </marc:subfield>
         <marc:subfield code="2"> gsafd</marc:subfield>
      </marc:datafield>
      <marc:datafield tag="700" ind1=" " ind2=" ">
         <marc:subfield code="a">Shulman, Max, </marc:subfield>
         <marc:subfield code="d"> 1919- </marc:subfield>
         <marc:subfield code="t"> How now, Dow Jones. 12 </marc:subfield>
         <marc:subfield code="a"> Leigh, Carolyn, </marc:subfield>
         <marc:subfield code="d"> 1926- </marc:subfield>
         <marc:subfield code="t"> How now, Dow Jones.</marc:subfield>
      </marc:datafield>
      <marc:datafield tag="990" ind1=" " ind2=" ">
         <marc:subfield code="a">465</marc:subfield>
      </marc:datafield>
      <marc:datafield tag="999" ind1=" " ind2=" ">
         <marc:subfield code="a">ML 50 .B44 B H6</marc:subfield>
         <marc:subfield code="w">LC</marc:subfield>
         <marc:subfield code="c">1</marc:subfield>
         <marc:subfield code="i">30173000073691</marc:subfield>
         <marc:subfield code="d">10/1/2010</marc:subfield>
         <marc:subfield code="f">10/1/2010</marc:subfield>
         <marc:subfield code="g">2</marc:subfield>
         <marc:subfield code="l">STACKS</marc:subfield>
         <marc:subfield code="m">DEGEN_ROOM</marc:subfield>
         <marc:subfield code="r">Y</marc:subfield>
         <marc:subfield code="s">Y</marc:subfield>
         <marc:subfield code="t">BOOK</marc:subfield>
         <marc:subfield code="u">4/4/2007</marc:subfield>
      </marc:datafield>
   </marc:record>