
   <marc:record>
      <marc:leader>00634cam a2200157   4500</marc:leader>
      <marc:controlfield tag="008">070404n                      000 0 eng u</marc:controlfield>
      <marc:datafield tag="020" ind1=" " ind2=" ">
         <marc:subfield code="a">0573080429</marc:subfield>
      </marc:datafield>
      <marc:datafield tag="240" ind1=" " ind2=" ">
         <marc:subfield code="a">Jack the Ripper. </marc:subfield>
         <marc:subfield code="s"> Libretto.</marc:subfield>
      </marc:datafield>
      <marc:datafield tag="245" ind1=" " ind2=" ">
         <marc:subfield code="a">Jack the Ripper : </marc:subfield>
         <marc:subfield code="b"> a musical play : book and lyrics / </marc:subfield>
         <marc:subfield code="c"> by Ron Pember and Denis de Marne ; music by Ron Pember</marc:subfield>
      </marc:datafield>
      <marc:datafield tag="260" ind1=" " ind2=" ">
         <marc:subfield code="a">London ; New York </marc:subfield>
         <marc:subfield code="b"> S. French, </marc:subfield>
         <marc:subfield code="c"> c 1976.</marc:subfield>
      </marc:datafield>
      <marc:datafield tag="300" ind1=" " ind2=" ">
         <marc:subfield code="a">52 p. ; </marc:subfield>
         <marc:subfield code="c"> 22 cm.</marc:subfield>
      </marc:datafield>
      <marc:datafield tag="700" ind1=" " ind2=" ">
         <marc:subfield code="a">De Marne, Denis.</marc:subfield>
      </marc:datafield>
      <marc:datafield tag="990" ind1=" " ind2=" ">
         <marc:subfield code="a">466</marc:subfield>
      </marc:datafield>
      <marc:datafield tag="999" ind1=" " ind2=" ">
         <marc:subfield code="a">ML 50 .P455 J3 1976X</marc:subfield>
         <marc:subfield code="w">LC</marc:subfield>
         <marc:subfield code="c">1</marc:subfield>
         <marc:subfield code="i">30173000073709</marc:subfield>
         <marc:subfield code="d">10/2/2010</marc:subfield>
         <marc:subfield code="f">10/2/2010</marc:subfield>
         <marc:subfield code="g">2</marc:subfield>
         <marc:subfield code="l">STACKS</marc:subfield>
         <marc:subfield code="m">DEGEN_ROOM</marc:subfield>
         <marc:subfield code="r">Y</marc:subfield>
         <marc:subfield code="s">Y</marc:subfield>
         <marc:subfield code="t">BOOK</marc:subfield>
         <marc:subfield code="u">4/4/2007</marc:subfield>
      </marc:datafield>
   </marc:record>