
   <marc:record>
      <marc:leader>00757cam a2200157   4500</marc:leader>
      <marc:controlfield tag="008">070404n                      000 0 eng u</marc:controlfield>
      <marc:datafield tag="100" ind1="1" ind2=" ">
         <marc:subfield code="a">House, Ron.</marc:subfield>
      </marc:datafield>
      <marc:datafield tag="245" ind1="1" ind2="3">
         <marc:subfield code="a">El Grande de Coca-Cola :</marc:subfield>
         <marc:subfield code="b">a musical revue /</marc:subfield>
         <marc:subfield code="c">by Ron House ... [et al.] ; from an idea by Ron House and Diz White.</marc:subfield>
      </marc:datafield>
      <marc:datafield tag="260" ind1=" " ind2=" ">
         <marc:subfield code="a">New York :</marc:subfield>
         <marc:subfield code="b">S. French,</marc:subfield>
         <marc:subfield code="c">c1973.</marc:subfield>
      </marc:datafield>
      <marc:datafield tag="300" ind1=" " ind2=" ">
         <marc:subfield code="a">45 p. ;</marc:subfield>
         <marc:subfield code="c">19 cm.</marc:subfield>
      </marc:datafield>
      <marc:datafield tag="500" ind1=" " ind2=" ">
         <marc:subfield code="a">In Spanish or French, with English description.</marc:subfield>
      </marc:datafield>
      <marc:datafield tag="700" ind1=" " ind2=" ">
         <marc:subfield code="a">House, Ron. White, Diz.</marc:subfield>
      </marc:datafield>
      <marc:datafield tag="990" ind1=" " ind2=" ">
         <marc:subfield code="a">469</marc:subfield>
      </marc:datafield>
      <marc:datafield tag="999" ind1=" " ind2=" ">
         <marc:subfield code="a">PQ 7079.2 .H6 G7 1973</marc:subfield>
         <marc:subfield code="w">LC</marc:subfield>
         <marc:subfield code="c">1</marc:subfield>
         <marc:subfield code="i">30173000073733</marc:subfield>
         <marc:subfield code="d">9/21/2010</marc:subfield>
         <marc:subfield code="f">9/21/2010</marc:subfield>
         <marc:subfield code="g">2</marc:subfield>
         <marc:subfield code="l">STACKS</marc:subfield>
         <marc:subfield code="m">DEGEN_ROOM</marc:subfield>
         <marc:subfield code="r">Y</marc:subfield>
         <marc:subfield code="s">Y</marc:subfield>
         <marc:subfield code="t">BOOK</marc:subfield>
         <marc:subfield code="u">4/4/2007</marc:subfield>
      </marc:datafield>
      <marc:datafield tag="999" ind1=" " ind2=" ">
         <marc:subfield code="a">PQ 7079.2 .H6 G7 1973</marc:subfield>
         <marc:subfield code="w">LC</marc:subfield>
         <marc:subfield code="c">2</marc:subfield>
         <marc:subfield code="i">30173000105014</marc:subfield>
         <marc:subfield code="d">1/3/2011</marc:subfield>
         <marc:subfield code="e">1/3/2011</marc:subfield>
         <marc:subfield code="f">12/9/2010</marc:subfield>
         <marc:subfield code="g">1</marc:subfield>
         <marc:subfield code="l">STACKS</marc:subfield>
         <marc:subfield code="m">DEGEN_ROOM</marc:subfield>
         <marc:subfield code="n">2</marc:subfield>
         <marc:subfield code="r">Y</marc:subfield>
         <marc:subfield code="s">Y</marc:subfield>
         <marc:subfield code="t">BOOK</marc:subfield>
         <marc:subfield code="u">12/9/2010</marc:subfield>
      </marc:datafield>
   </marc:record>