
   <marc:record>
      <marc:leader>00684cam a2200157   4500</marc:leader>
      <marc:controlfield tag="008">070404n1999                  000 0 eng u</marc:controlfield>
      <marc:datafield tag="020" ind1=" " ind2=" ">
         <marc:subfield code="a">057362688X (pbk.)</marc:subfield>
      </marc:datafield>
      <marc:datafield tag="240" ind1=" " ind2=" ">
         <marc:subfield code="a">[Kudzu. Libretto]</marc:subfield>
      </marc:datafield>
      <marc:datafield tag="245" ind1=" " ind2=" ">
         <marc:subfield code="a">Kudzu : a southern musical / book, music &amp; lyrics by Jack Herrick, Doug Marlette &amp; Bland Simpson ; based upon the comic strip Kudzu by Doug Marlette.</marc:subfield>
      </marc:datafield>
      <marc:datafield tag="260" ind1=" " ind2=" ">
         <marc:subfield code="a">New York : S. French, c1999.</marc:subfield>
      </marc:datafield>
      <marc:datafield tag="300" ind1=" " ind2=" ">
         <marc:subfield code="a"> 90 p. : ill. ; 21 cm.</marc:subfield>
      </marc:datafield>
      <marc:datafield tag="700" ind1=" " ind2=" ">
         <marc:subfield code="a"> Marlette, Doug, </marc:subfield>
         <marc:subfield code="d"> 1949-   </marc:subfield>
         <marc:subfield code="a"> Simpson, Bland.</marc:subfield>
      </marc:datafield>
      <marc:datafield tag="990" ind1=" " ind2=" ">
         <marc:subfield code="a">476</marc:subfield>
      </marc:datafield>
      <marc:datafield tag="999" ind1=" " ind2=" ">
         <marc:subfield code="a">ML 50 .H569 K83 1999</marc:subfield>
         <marc:subfield code="w">LC</marc:subfield>
         <marc:subfield code="c">1</marc:subfield>
         <marc:subfield code="i">30173000073808</marc:subfield>
         <marc:subfield code="d">10/1/2010</marc:subfield>
         <marc:subfield code="f">10/1/2010</marc:subfield>
         <marc:subfield code="g">2</marc:subfield>
         <marc:subfield code="l">STACKS</marc:subfield>
         <marc:subfield code="m">DEGEN_ROOM</marc:subfield>
         <marc:subfield code="r">Y</marc:subfield>
         <marc:subfield code="s">Y</marc:subfield>
         <marc:subfield code="t">BOOK</marc:subfield>
         <marc:subfield code="u">4/4/2007</marc:subfield>
      </marc:datafield>
   </marc:record>