
   <marc:record>
      <marc:leader>00997cam a2200193   4500</marc:leader>
      <marc:controlfield tag="008">070404n                      000 0 eng u</marc:controlfield>
      <marc:datafield tag="100" ind1="1" ind2=" ">
         <marc:subfield code="a">Sullivan, Arthur, </marc:subfield>
         <marc:subfield code="c"> Sir, </marc:subfield>
         <marc:subfield code="d"> 1842-1900.</marc:subfield>
      </marc:datafield>
      <marc:datafield tag="240" ind1=" " ind2=" ">
         <marc:subfield code="a">Yeomen of the Guard. </marc:subfield>
         <marc:subfield code="s"> Vocal score</marc:subfield>
      </marc:datafield>
      <marc:datafield tag="245" ind1="1" ind2="4">
         <marc:subfield code="a">The choruses of The yeomen of the Guard, or, The merryman and his maid / </marc:subfield>
         <marc:subfield code="c"> book by W.S. Gilbert ; music by Arthur Sullivan ; authentic version edited by Edmond W. Rickett.</marc:subfield>
      </marc:datafield>
      <marc:datafield tag="246" ind1=" " ind2=" ">
         <marc:subfield code="a">yeomen of the Guard</marc:subfield>
      </marc:datafield>
      <marc:datafield tag="260" ind1=" " ind2=" ">
         <marc:subfield code="a">New York : </marc:subfield>
         <marc:subfield code="b"> G. Schirmer ; </marc:subfield>
         <marc:subfield code="a"> Milwaukee, Wisc. : </marc:subfield>
         <marc:subfield code="b"> Distributed by H. Leonard, </marc:subfield>
         <marc:subfield code="c"> [198-?], c1954.</marc:subfield>
      </marc:datafield>
      <marc:datafield tag="300" ind1=" " ind2=" ">
         <marc:subfield code="a">1 vocal score (vi, 238 p.) ; </marc:subfield>
         <marc:subfield code="c"> 28 cm.</marc:subfield>
      </marc:datafield>
      <marc:datafield tag="500" ind1=" " ind2=" ">
         <marc:subfield code="a">"This score contains all the dialogue."</marc:subfield>
      </marc:datafield>
      <marc:datafield tag="650" ind1=" " ind2=" ">
         <marc:subfield code="a">Operas </marc:subfield>
         <marc:subfield code="v"> Vocal scores with piano..</marc:subfield>
      </marc:datafield>
      <marc:datafield tag="700" ind1=" " ind2=" ">
         <marc:subfield code="a">Gilbert, W. S. </marc:subfield>
         <marc:subfield code="q"> (William Schwenck), </marc:subfield>
         <marc:subfield code="d"> 1836-1911. </marc:subfield>
         <marc:subfield code="a"> Rickett, Edmond W.</marc:subfield>
      </marc:datafield>
      <marc:datafield tag="990" ind1=" " ind2=" ">
         <marc:subfield code="a">484</marc:subfield>
      </marc:datafield>
      <marc:datafield tag="999" ind1=" " ind2=" ">
         <marc:subfield code="a">M1503.S949 Y46 A</marc:subfield>
         <marc:subfield code="w">LC</marc:subfield>
         <marc:subfield code="c">1</marc:subfield>
         <marc:subfield code="i">30173000073907</marc:subfield>
         <marc:subfield code="d">10/1/2010</marc:subfield>
         <marc:subfield code="f">10/1/2010</marc:subfield>
         <marc:subfield code="g">3</marc:subfield>
         <marc:subfield code="l">STACKS</marc:subfield>
         <marc:subfield code="m">DEGEN_ROOM</marc:subfield>
         <marc:subfield code="r">Y</marc:subfield>
         <marc:subfield code="s">Y</marc:subfield>
         <marc:subfield code="t">BOOK</marc:subfield>
         <marc:subfield code="u">4/4/2007</marc:subfield>
      </marc:datafield>
   </marc:record>