
   <marc:record>
      <marc:leader>00764cam a2200169   4500</marc:leader>
      <marc:controlfield tag="008">070404n1911                  000 0 eng u</marc:controlfield>
      <marc:datafield tag="100" ind1="1" ind2=" ">
         <marc:subfield code="a"> Sullivan, Arthur, </marc:subfield>
         <marc:subfield code="c"> Sir, </marc:subfield>
         <marc:subfield code="d"> 1842-1900.</marc:subfield>
      </marc:datafield>
      <marc:datafield tag="240" ind1=" " ind2=" ">
         <marc:subfield code="a"> Utopia Limited. </marc:subfield>
         <marc:subfield code="s"> Vocal score</marc:subfield>
      </marc:datafield>
      <marc:datafield tag="245" ind1=" " ind2=" ">
         <marc:subfield code="a">Vocal score of Utopia limited : </marc:subfield>
         <marc:subfield code="b"> or, The flowers of progress; an original comic opera in 2 acts / </marc:subfield>
         <marc:subfield code="c"> written by W.S. Gilbert.</marc:subfield>
      </marc:datafield>
      <marc:datafield tag="260" ind1=" " ind2=" ">
         <marc:subfield code="a">London : </marc:subfield>
         <marc:subfield code="b"> Chappell ; </marc:subfield>
         <marc:subfield code="a"> New York : </marc:subfield>
         <marc:subfield code="b"> Ewer, </marc:subfield>
         <marc:subfield code="c"> c1911.</marc:subfield>
      </marc:datafield>
      <marc:datafield tag="300" ind1=" " ind2=" ">
         <marc:subfield code="a">155 p. ; </marc:subfield>
         <marc:subfield code="c"> 28 cm.</marc:subfield>
      </marc:datafield>
      <marc:datafield tag="650" ind1=" " ind2=" ">
         <marc:subfield code="a">Operas </marc:subfield>
         <marc:subfield code="v"> Vocal scores with piano.</marc:subfield>
      </marc:datafield>
      <marc:datafield tag="700" ind1=" " ind2=" ">
         <marc:subfield code="a">Gilbert, W. S. </marc:subfield>
         <marc:subfield code="q"> (William Schwenck), </marc:subfield>
         <marc:subfield code="d"> 1836-1911.</marc:subfield>
      </marc:datafield>
      <marc:datafield tag="990" ind1=" " ind2=" ">
         <marc:subfield code="a">485</marc:subfield>
      </marc:datafield>
      <marc:datafield tag="999" ind1=" " ind2=" ">
         <marc:subfield code="a">M1503.S9 U8</marc:subfield>
         <marc:subfield code="w">LC</marc:subfield>
         <marc:subfield code="c">1</marc:subfield>
         <marc:subfield code="i">30173000073915</marc:subfield>
         <marc:subfield code="d">1/31/2017</marc:subfield>
         <marc:subfield code="f">1/31/2017</marc:subfield>
         <marc:subfield code="g">4</marc:subfield>
         <marc:subfield code="l">STACKS</marc:subfield>
         <marc:subfield code="m">DEGEN_ROOM</marc:subfield>
         <marc:subfield code="r">Y</marc:subfield>
         <marc:subfield code="s">Y</marc:subfield>
         <marc:subfield code="t">BOOK</marc:subfield>
         <marc:subfield code="u">4/4/2007</marc:subfield>
      </marc:datafield>
   </marc:record>