
   <marc:record>
      <marc:leader>02044cam a2200205   4500</marc:leader>
      <marc:controlfield tag="008">070404n                      000 0 eng u</marc:controlfield>
      <marc:datafield tag="020" ind1=" " ind2=" ">
         <marc:subfield code="a">0396070175</marc:subfield>
      </marc:datafield>
      <marc:datafield tag="100" ind1="1" ind2=" ">
         <marc:subfield code="a">Mantle, Burns</marc:subfield>
      </marc:datafield>
      <marc:datafield tag="245" ind1="1" ind2="4">
         <marc:subfield code="a">The Best plays of 1973-1974 / edited by Otis L. Guernsey, Jr. ; illustrated with photographs and with drawings by Hirschfeld.</marc:subfield>
      </marc:datafield>
      <marc:datafield tag="260" ind1=" " ind2=" ">
         <marc:subfield code="a">New York : Dodd, Mead, [1974]</marc:subfield>
      </marc:datafield>
      <marc:datafield tag="300" ind1=" " ind2=" ">
         <marc:subfield code="a">xii, 516 p. , [40] leaves of plates : </marc:subfield>
         <marc:subfield code="b"> ill., ports. ; </marc:subfield>
         <marc:subfield code="c"> 24 cm.</marc:subfield>
      </marc:datafield>
      <marc:datafield tag="490" ind1=" " ind2=" ">
         <marc:subfield code="a">The Burns Mantle theater yearbook.</marc:subfield>
      </marc:datafield>
      <marc:datafield tag="500" ind1=" " ind2=" ">
         <marc:subfield code="a">Includes an index.  </marc:subfield>
         <marc:subfield code="a"> Contains ABRIDGED EDITIONS of the ten best plays for 1973-74.</marc:subfield>
      </marc:datafield>
      <marc:datafield tag="505" ind1=" " ind2=" ">
         <marc:subfield code="a">The contractor / David Storey.--Bad habits / Terrence McNally.--Find your way home / by John Hopkins.--Short eyes / by Miguel Pinero.--Creeps / by David E. Freeman.--Noel Coward in two keys / by Noel Coward.--Jumpers / by Tom Stoppard.--The good doctor / by Neil Simon.--When you comin' back, Red Ryder? / by Mark Medoff.--The Sea horse / by Edward J. Moore. </marc:subfield>
         <marc:subfield code="a"> "The best plays, 1894-1973" : p. 434-447.</marc:subfield>
      </marc:datafield>
      <marc:datafield tag="650" ind1=" " ind2=" ">
         <marc:subfield code="a">Theater </marc:subfield>
         <marc:subfield code="z"> United States </marc:subfield>
         <marc:subfield code="v"> Periodicals. </marc:subfield>
         <marc:subfield code="a"> Drama </marc:subfield>
         <marc:subfield code="y"> 20th century.</marc:subfield>
      </marc:datafield>
      <marc:datafield tag="700" ind1=" " ind2=" ">
         <marc:subfield code="a"> Mantle, Burns, </marc:subfield>
         <marc:subfield code="d"> 1873-1948.   </marc:subfield>
         <marc:subfield code="a"> Guernsey, Otis L., </marc:subfield>
         <marc:subfield code="d"> 1918-   </marc:subfield>
         <marc:subfield code="a"> Storey, David, </marc:subfield>
         <marc:subfield code="d"> 1933- </marc:subfield>
         <marc:subfield code="t"> Contractor.   </marc:subfield>
         <marc:subfield code="a"> McNally, Terrence. </marc:subfield>
         <marc:subfield code="t"> Bad habits.   </marc:subfield>
         <marc:subfield code="a"> Hopkins, John Richard, </marc:subfield>
         <marc:subfield code="d"> 1931- </marc:subfield>
         <marc:subfield code="t"> Find your way home.   </marc:subfield>
         <marc:subfield code="a"> Pinero, Miguel, </marc:subfield>
         <marc:subfield code="d"> 1946- </marc:subfield>
         <marc:subfield code="t"> Short eyes.   </marc:subfield>
         <marc:subfield code="a"> Freeman, David, </marc:subfield>
         <marc:subfield code="d"> 1945- </marc:subfield>
         <marc:subfield code="t"> Creeps.   </marc:subfield>
         <marc:subfield code="a"> Coward, Noel, </marc:subfield>
         <marc:subfield code="d"> 1899-1973 </marc:subfield>
         <marc:subfield code="t"> Noel Coward in two keys.   </marc:subfield>
         <marc:subfield code="a"> Stoppard, Tom. </marc:subfield>
         <marc:subfield code="t"> Jumpers.   </marc:subfield>
         <marc:subfield code="a"> Simon, Neil. </marc:subfield>
         <marc:subfield code="t"> Good doctor.   </marc:subfield>
         <marc:subfield code="a"> Medoff, Mark Howard. </marc:subfield>
         <marc:subfield code="t"> When you comin' back, Red Ryder?   </marc:subfield>
         <marc:subfield code="a"> Moore, Edward J., </marc:subfield>
         <marc:subfield code="d"> 1935- </marc:subfield>
         <marc:subfield code="t"> Sea horse.</marc:subfield>
      </marc:datafield>
      <marc:datafield tag="740" ind1=" " ind2=" ">
         <marc:subfield code="a"> The contractor.   </marc:subfield>
         <marc:subfield code="a"> Bad habits.   </marc:subfield>
         <marc:subfield code="a"> Find your way home.   </marc:subfield>
         <marc:subfield code="a"> Short eyes.   </marc:subfield>
         <marc:subfield code="a"> Creeps.   </marc:subfield>
         <marc:subfield code="a"> Noel Coward in two keys.   </marc:subfield>
         <marc:subfield code="a"> The good doctor.   </marc:subfield>
         <marc:subfield code="a"> When you comin' back, Red Ryder?   </marc:subfield>
         <marc:subfield code="a"> The sea horse.   </marc:subfield>
         <marc:subfield code="a"> Jumpers.</marc:subfield>
      </marc:datafield>
      <marc:datafield tag="990" ind1=" " ind2=" ">
         <marc:subfield code="a">486</marc:subfield>
      </marc:datafield>
      <marc:datafield tag="999" ind1=" " ind2=" ">
         <marc:subfield code="a">PN 6112 .B45 1973-74</marc:subfield>
         <marc:subfield code="w">LC</marc:subfield>
         <marc:subfield code="c">1</marc:subfield>
         <marc:subfield code="i">30173000073923</marc:subfield>
         <marc:subfield code="d">3/22/2012</marc:subfield>
         <marc:subfield code="e">3/15/2012</marc:subfield>
         <marc:subfield code="f">10/28/2010</marc:subfield>
         <marc:subfield code="g">2</marc:subfield>
         <marc:subfield code="l">STACKS</marc:subfield>
         <marc:subfield code="m">DEGEN_ROOM</marc:subfield>
         <marc:subfield code="n">1</marc:subfield>
         <marc:subfield code="r">Y</marc:subfield>
         <marc:subfield code="s">Y</marc:subfield>
         <marc:subfield code="t">BOOK</marc:subfield>
         <marc:subfield code="u">4/4/2007</marc:subfield>
      </marc:datafield>
   </marc:record>