
   <marc:record>
      <marc:leader>01152cam a2200157   4500</marc:leader>
      <marc:controlfield tag="008">070404n                      000 0 eng u</marc:controlfield>
      <marc:datafield tag="020" ind1=" " ind2=" ">
         <marc:subfield code="a">0396073808</marc:subfield>
      </marc:datafield>
      <marc:datafield tag="245" ind1="1" ind2="4">
         <marc:subfield code="a">The Best plays of 1975-1976 ; </marc:subfield>
         <marc:subfield code="c"> ed. by Otis L. Guernsey, jr. ; ill. with photos. and with drawings by Hirschfeld</marc:subfield>
      </marc:datafield>
      <marc:datafield tag="260" ind1=" " ind2=" ">
         <marc:subfield code="a">New York : </marc:subfield>
         <marc:subfield code="b"> Dodd, Mead, </marc:subfield>
         <marc:subfield code="c"> [1976]</marc:subfield>
      </marc:datafield>
      <marc:datafield tag="300" ind1=" " ind2=" ">
         <marc:subfield code="a">515 p. : </marc:subfield>
         <marc:subfield code="b"> ill. ; </marc:subfield>
         <marc:subfield code="c"> 24 cm.</marc:subfield>
      </marc:datafield>
      <marc:datafield tag="490" ind1=" " ind2=" ">
         <marc:subfield code="a">The Burns Mantle theater yearbook. </marc:subfield>
         <marc:subfield code="a"> Jesse and the bandit queen, by David Freeman; Pacific overtures, by John Weidman; Chicago, by Fred Ebb and Bob Fosse; Travesties, by Tom Stoppard; The Norman conquests, by Alan Ayckbourn; Knock knock, by Jules Feiffer; Streamers, by David Rabe; Serenading Louie, by Lanford Wilson; Rebel women, by Thomas Babe; The Runner stumbles, by Milan Stitt; Threepenny opera, by Bertolt Brecht.</marc:subfield>
      </marc:datafield>
      <marc:datafield tag="650" ind1=" " ind2=" ">
         <marc:subfield code="a">Theater </marc:subfield>
         <marc:subfield code="z"> United States </marc:subfield>
         <marc:subfield code="v"> Yearbooks.</marc:subfield>
         <marc:subfield code="a"> Drama </marc:subfield>
         <marc:subfield code="v"> Bibliography. </marc:subfield>
         <marc:subfield code="a"> Drama </marc:subfield>
         <marc:subfield code="y"> 20th century.</marc:subfield>
      </marc:datafield>
      <marc:datafield tag="700" ind1=" " ind2=" ">
         <marc:subfield code="a">Mantle, Robert Burns, </marc:subfield>
         <marc:subfield code="d"> 1873-1948, ed. </marc:subfield>
         <marc:subfield code="a"> Guernsey, Otis L.</marc:subfield>
      </marc:datafield>
      <marc:datafield tag="990" ind1=" " ind2=" ">
         <marc:subfield code="a">488</marc:subfield>
      </marc:datafield>
      <marc:datafield tag="999" ind1=" " ind2=" ">
         <marc:subfield code="a">PN 6112 .B45</marc:subfield>
         <marc:subfield code="w">LC</marc:subfield>
         <marc:subfield code="c">1</marc:subfield>
         <marc:subfield code="i">30173000073949</marc:subfield>
         <marc:subfield code="d">10/28/2010</marc:subfield>
         <marc:subfield code="f">10/28/2010</marc:subfield>
         <marc:subfield code="g">2</marc:subfield>
         <marc:subfield code="l">STACKS</marc:subfield>
         <marc:subfield code="m">DEGEN_ROOM</marc:subfield>
         <marc:subfield code="r">Y</marc:subfield>
         <marc:subfield code="s">Y</marc:subfield>
         <marc:subfield code="t">BOOK</marc:subfield>
         <marc:subfield code="u">4/4/2007</marc:subfield>
      </marc:datafield>
   </marc:record>