
   <marc:record>
      <marc:leader>01235cam a2200181   4500</marc:leader>
      <marc:controlfield tag="008">070406n                      000 0 eng u</marc:controlfield>
      <marc:datafield tag="020" ind1=" " ind2=" ">
         <marc:subfield code="a">0396075010</marc:subfield>
      </marc:datafield>
      <marc:datafield tag="245" ind1="1" ind2="4">
         <marc:subfield code="a">The Best plays of 1976-1977 / ed. by Otis L. Guernsey, jr. ; ill. with photos. and with drawings by Hirschfeld.</marc:subfield>
      </marc:datafield>
      <marc:datafield tag="260" ind1=" " ind2=" ">
         <marc:subfield code="a">New York : Dodd, Mead, c1977.</marc:subfield>
      </marc:datafield>
      <marc:datafield tag="300" ind1=" " ind2=" ">
         <marc:subfield code="a">483 p. : ill. ; 24 cm.</marc:subfield>
      </marc:datafield>
      <marc:datafield tag="490" ind1=" " ind2=" ">
         <marc:subfield code="a">The Burns Mantle yearbook.</marc:subfield>
      </marc:datafield>
      <marc:datafield tag="505" ind1=" " ind2=" ">
         <marc:subfield code="a">Sly fox, by L. Gelbart. Ashes, by D. Rudkin. Annie, by T. Meehan. California suite, by N. Simon. Oldest living graduate, by P. Jones. The last meeting of the Knights of the White Magnolia, by P. Jones. Comedians, by T. Griffiths. Otherwise engaged, by S. Gray. American buffalo, by D. Mamet. Shadow box, by M. Cristofer.</marc:subfield>
      </marc:datafield>
      <marc:datafield tag="650" ind1=" " ind2=" ">
         <marc:subfield code="a">Theater United States Periodicals.Drama Bibliography. Drama 20th century.</marc:subfield>
      </marc:datafield>
      <marc:datafield tag="700" ind1=" " ind2=" ">
         <marc:subfield code="a">Guernsey, Otis L., 1918-</marc:subfield>
      </marc:datafield>
      <marc:datafield tag="740" ind1=" " ind2=" ">
         <marc:subfield code="a">Sly fox Ashes. Annie. California suite. The oldest living graduate.The last meeting of the Knights of the White Magnolia. Comedians.Otherwise engaged.American buffalo.. The shadow box.</marc:subfield>
      </marc:datafield>
      <marc:datafield tag="990" ind1=" " ind2=" ">
         <marc:subfield code="a">489</marc:subfield>
      </marc:datafield>
      <marc:datafield tag="999" ind1=" " ind2=" ">
         <marc:subfield code="a">PN 6112 .B45 1976-77</marc:subfield>
         <marc:subfield code="w">LC</marc:subfield>
         <marc:subfield code="c">1</marc:subfield>
         <marc:subfield code="i">30173000073956</marc:subfield>
         <marc:subfield code="d">11/1/2010</marc:subfield>
         <marc:subfield code="f">11/1/2010</marc:subfield>
         <marc:subfield code="g">2</marc:subfield>
         <marc:subfield code="l">STACKS</marc:subfield>
         <marc:subfield code="m">DEGEN_ROOM</marc:subfield>
         <marc:subfield code="r">Y</marc:subfield>
         <marc:subfield code="s">Y</marc:subfield>
         <marc:subfield code="t">BOOK</marc:subfield>
         <marc:subfield code="u">4/6/2007</marc:subfield>
      </marc:datafield>
   </marc:record>