
   <marc:record>
      <marc:leader>02171cam a2200193   4500</marc:leader>
      <marc:controlfield tag="008">070406n1983                  000 0 eng u</marc:controlfield>
      <marc:datafield tag="020" ind1=" " ind2=" ">
         <marc:subfield code="a">039608124X</marc:subfield>
      </marc:datafield>
      <marc:datafield tag="245" ind1="1" ind2="4">
         <marc:subfield code="a">The Best plays of 1981-1982 / </marc:subfield>
         <marc:subfield code="c"> edited by Otis L. Guernsey, Jr. ; illustrated with photographs and with drawings by Hirschfeld.</marc:subfield>
      </marc:datafield>
      <marc:datafield tag="260" ind1=" " ind2=" ">
         <marc:subfield code="a">New York : </marc:subfield>
         <marc:subfield code="b"> Dodd, Mead &amp; Co., </marc:subfield>
         <marc:subfield code="c"> c1983.</marc:subfield>
      </marc:datafield>
      <marc:datafield tag="300" ind1=" " ind2=" ">
         <marc:subfield code="a">xi, 529 p. : </marc:subfield>
         <marc:subfield code="b"> ill. ; </marc:subfield>
         <marc:subfield code="c"> 24 cm.</marc:subfield>
      </marc:datafield>
      <marc:datafield tag="490" ind1=" " ind2=" ">
         <marc:subfield code="a">The Burns Mantle yearbook.</marc:subfield>
      </marc:datafield>
      <marc:datafield tag="500" ind1=" " ind2=" ">
         <marc:subfield code="a">Contains ABRIDGED EDITIONS of the ten best plays for 1981-82. </marc:subfield>
         <marc:subfield code="a"> Includes bibliographies and indexes. </marc:subfield>
         <marc:subfield code="a"> "The Best plays, 1894-1981": p. 458-472.</marc:subfield>
      </marc:datafield>
      <marc:datafield tag="505" ind1="1" ind2="4">
         <marc:subfield code="a">The Dance and the railroad / David Henry Hwang -- The Life &amp; adventures of Nicholas Nickleby / David Edgar -- The Dresser / Ronald Harwood - - Mass appeal / Bill C. Davis -- A Soldier's play / Charles Fuller -- Torch song trilogy / Harvey Fierstein -- The Dining room / A.R. Gurney, Jr. -- Agnes of God / John Pielmeier -- "Master Harold"...and the boys / Athol Fugard -- Nine / book by Arthur Kopit ; music and lyrics by Maury Yeston.</marc:subfield>
      </marc:datafield>
      <marc:datafield tag="650" ind1=" " ind2=" ">
         <marc:subfield code="a">Drama </marc:subfield>
         <marc:subfield code="y"> 20th century.</marc:subfield>
         <marc:subfield code="a"> Theater </marc:subfield>
         <marc:subfield code="z"> United States </marc:subfield>
         <marc:subfield code="v"> Periodicals.</marc:subfield>
      </marc:datafield>
      <marc:datafield tag="700" ind1=" " ind2=" ">
         <marc:subfield code="a">Guernsey, Otis L., </marc:subfield>
         <marc:subfield code="d"> 1918- </marc:subfield>
         <marc:subfield code="a"> Hwang, David Henry, </marc:subfield>
         <marc:subfield code="d"> 1957- </marc:subfield>
         <marc:subfield code="t"> Dance and the railroad. </marc:subfield>
         <marc:subfield code="a"> Edgar, David, </marc:subfield>
         <marc:subfield code="d"> 1948- </marc:subfield>
         <marc:subfield code="t"> Life &amp; adventures of Nicholas Nickleby.</marc:subfield>
         <marc:subfield code="a"> Harwood, Ronald, </marc:subfield>
         <marc:subfield code="d"> 1934- </marc:subfield>
         <marc:subfield code="t"> Dresser.</marc:subfield>
         <marc:subfield code="a"> Davis, Bill C., </marc:subfield>
         <marc:subfield code="d"> 1951- </marc:subfield>
         <marc:subfield code="t"> Mass appeal.</marc:subfield>
         <marc:subfield code="a"> Fuller, Charles. </marc:subfield>
         <marc:subfield code="t"> Soldier's play.</marc:subfield>
         <marc:subfield code="a"> Fierstein, Harvey, </marc:subfield>
         <marc:subfield code="d"> 1954- </marc:subfield>
         <marc:subfield code="t"> Torch song trilogy.</marc:subfield>
         <marc:subfield code="a"> Gurney, A. R. </marc:subfield>
         <marc:subfield code="q"> (Albert Ramsdell), </marc:subfield>
         <marc:subfield code="d"> 1930- </marc:subfield>
         <marc:subfield code="t"> Dining room.</marc:subfield>
         <marc:subfield code="a"> Pielmeier, John. </marc:subfield>
         <marc:subfield code="t"> Agnes of God.</marc:subfield>
         <marc:subfield code="a"> Fugard, Athol. </marc:subfield>
         <marc:subfield code="t"> "Master Harold" ... and the boys.</marc:subfield>
         <marc:subfield code="a"> Kopit, Arthur L. </marc:subfield>
         <marc:subfield code="t"> Nine.a Yeston, Maury. </marc:subfield>
         <marc:subfield code="t"> Nine</marc:subfield>
      </marc:datafield>
      <marc:datafield tag="740" ind1="1" ind2="4">
         <marc:subfield code="a">The Dance and the railroad. </marc:subfield>
         <marc:subfield code="a"> The Life &amp; adventures of Nicholas Nickleby. </marc:subfield>
         <marc:subfield code="a"> The Life and adventures of Nicholas Nickleby.</marc:subfield>
         <marc:subfield code="a"> The Dresser.</marc:subfield>
         <marc:subfield code="a"> Mass appeal.</marc:subfield>
         <marc:subfield code="a"> A Soldier's play.</marc:subfield>
         <marc:subfield code="a"> Torch song trilogy.</marc:subfield>
         <marc:subfield code="a"> The Dining room.</marc:subfield>
         <marc:subfield code="a"> Agnes of God.</marc:subfield>
         <marc:subfield code="a"> "Master Harold"-- and the boys. </marc:subfield>
         <marc:subfield code="a"> Nine. </marc:subfield>
         <marc:subfield code="a"> Best plays.</marc:subfield>
      </marc:datafield>
      <marc:datafield tag="990" ind1=" " ind2=" ">
         <marc:subfield code="a">490</marc:subfield>
      </marc:datafield>
      <marc:datafield tag="999" ind1=" " ind2=" ">
         <marc:subfield code="a">PN 6112 .B45 1981-82</marc:subfield>
         <marc:subfield code="w">LC</marc:subfield>
         <marc:subfield code="c">1</marc:subfield>
         <marc:subfield code="i">30173000073964</marc:subfield>
         <marc:subfield code="d">4/25/2017</marc:subfield>
         <marc:subfield code="e">3/30/2017</marc:subfield>
         <marc:subfield code="f">10/28/2010</marc:subfield>
         <marc:subfield code="g">2</marc:subfield>
         <marc:subfield code="l">STACKS</marc:subfield>
         <marc:subfield code="m">DEGEN_ROOM</marc:subfield>
         <marc:subfield code="n">4</marc:subfield>
         <marc:subfield code="r">Y</marc:subfield>
         <marc:subfield code="s">Y</marc:subfield>
         <marc:subfield code="t">BOOK</marc:subfield>
         <marc:subfield code="u">4/6/2007</marc:subfield>
      </marc:datafield>
   </marc:record>