
   <marc:record>
      <marc:leader>01823cam a2200205   4500</marc:leader>
      <marc:controlfield tag="008">070406n1981                  000 0 eng u</marc:controlfield>
      <marc:datafield tag="020" ind1=" " ind2=" ">
         <marc:subfield code="a">039608012X</marc:subfield>
      </marc:datafield>
      <marc:datafield tag="245" ind1="1" ind2="4">
         <marc:subfield code="a">The Best plays of 1980-1981 / </marc:subfield>
         <marc:subfield code="c"> edited by Otis L. Guernsey, Jr. ; illustrated with photographs and with drawings by Hirschfeld.</marc:subfield>
      </marc:datafield>
      <marc:datafield tag="260" ind1=" " ind2=" ">
         <marc:subfield code="a">New York : </marc:subfield>
         <marc:subfield code="b"> Dodd, Mead &amp; Co., </marc:subfield>
         <marc:subfield code="c"> c1981.</marc:subfield>
      </marc:datafield>
      <marc:datafield tag="300" ind1=" " ind2=" ">
         <marc:subfield code="a">xi, 564 p. : </marc:subfield>
         <marc:subfield code="b"> ill. ; </marc:subfield>
         <marc:subfield code="c"> 24 cm.</marc:subfield>
      </marc:datafield>
      <marc:datafield tag="490" ind1=" " ind2=" ">
         <marc:subfield code="a">The Burns Mantle yearbook.</marc:subfield>
      </marc:datafield>
      <marc:datafield tag="500" ind1=" " ind2=" ">
         <marc:subfield code="a">Contains ABRIDGED EDITIONS of the ten best plays for 1980-81.</marc:subfield>
         <marc:subfield code="a"> Includes bibliographies and indexes.</marc:subfield>
         <marc:subfield code="a"> "The Best plays, 1894-1980": p. 485-499</marc:subfield>
      </marc:datafield>
      <marc:datafield tag="505" ind1=" " ind2=" ">
         <marc:subfield code="a">42nd street / book by Michael Stewart and Mark Bramble ; songs by Harry Warren and Al Dubin -- A Life / Hugh Leonard -- Lunch hour / Jean Kerr --A Lesson from aloes / Athol Fugard -- Zooman and the sign / Charles Fuller -- Amadeus / Peter Shaffer -- Crimes of the heart / Beth Henley -- Translations / Brian Friel -- The Floating light bulb / Woody Allen -- Cloud 9 / Caryl Churchill.</marc:subfield>
      </marc:datafield>
      <marc:datafield tag="650" ind1=" " ind2=" ">
         <marc:subfield code="a">Drama </marc:subfield>
         <marc:subfield code="y"> 20th century.  </marc:subfield>
         <marc:subfield code="a"> Theater </marc:subfield>
         <marc:subfield code="z"> United States </marc:subfield>
         <marc:subfield code="v"> Periodicals.</marc:subfield>
      </marc:datafield>
      <marc:datafield tag="700" ind1=" " ind2=" ">
         <marc:subfield code="a">Guernsey, Otis L., </marc:subfield>
         <marc:subfield code="d"> 1918- </marc:subfield>
         <marc:subfield code="a"> Stewart, Michael. </marc:subfield>
         <marc:subfield code="a"> Bramble, Mark. </marc:subfield>
         <marc:subfield code="a"> Warren, Harry, </marc:subfield>
         <marc:subfield code="d"> 1893-1981. </marc:subfield>
         <marc:subfield code="a"> Dubin, Al. </marc:subfield>
         <marc:subfield code="a"> Leonard, Hugh. </marc:subfield>
         <marc:subfield code="a">Kerr,Jean. </marc:subfield>
         <marc:subfield code="a"> Fugard, Athol. </marc:subfield>
         <marc:subfield code="a"> Fuller, Charles, </marc:subfield>
         <marc:subfield code="d"> 1939- </marc:subfield>
         <marc:subfield code="a"> Schaffer, Peter, </marc:subfield>
         <marc:subfield code="d"> 1926- </marc:subfield>
         <marc:subfield code="a"> Henley, Beth. </marc:subfield>
         <marc:subfield code="a"> Friel, Brian. </marc:subfield>
         <marc:subfield code="a"> Allen, Woody. </marc:subfield>
         <marc:subfield code="a"> Churchill, Caryl.</marc:subfield>
      </marc:datafield>
      <marc:datafield tag="740" ind1=" " ind2=" ">
         <marc:subfield code="a">42nd street.   </marc:subfield>
         <marc:subfield code="a"> A Life.   </marc:subfield>
         <marc:subfield code="a"> Lunch hour.   </marc:subfield>
         <marc:subfield code="a"> A Lesson from aloes.   </marc:subfield>
         <marc:subfield code="a"> Zooman and the sign.   </marc:subfield>
         <marc:subfield code="a"> Amadeus.   </marc:subfield>
         <marc:subfield code="a"> Crimes of the heart.   </marc:subfield>
         <marc:subfield code="a"> Translations.   </marc:subfield>
         <marc:subfield code="a"> The Floating light bulb.</marc:subfield>
         <marc:subfield code="a"> Cloud 9.</marc:subfield>
      </marc:datafield>
      <marc:datafield tag="830" ind1=" " ind2=" ">
         <marc:subfield code="a">Burns Mantle yearbook.</marc:subfield>
      </marc:datafield>
      <marc:datafield tag="990" ind1=" " ind2=" ">
         <marc:subfield code="a">491</marc:subfield>
      </marc:datafield>
      <marc:datafield tag="999" ind1=" " ind2=" ">
         <marc:subfield code="a">PN 6112 .B45 1980-81</marc:subfield>
         <marc:subfield code="w">LC</marc:subfield>
         <marc:subfield code="c">1</marc:subfield>
         <marc:subfield code="i">30173000073972</marc:subfield>
         <marc:subfield code="d">11/21/2016</marc:subfield>
         <marc:subfield code="e">10/26/2016</marc:subfield>
         <marc:subfield code="f">10/28/2010</marc:subfield>
         <marc:subfield code="g">2</marc:subfield>
         <marc:subfield code="l">STACKS</marc:subfield>
         <marc:subfield code="m">DEGEN_ROOM</marc:subfield>
         <marc:subfield code="n">2</marc:subfield>
         <marc:subfield code="r">Y</marc:subfield>
         <marc:subfield code="s">Y</marc:subfield>
         <marc:subfield code="t">BOOK</marc:subfield>
         <marc:subfield code="u">4/6/2007</marc:subfield>
      </marc:datafield>
   </marc:record>