
   <marc:record>
      <marc:leader>01689cam a2200181   4500</marc:leader>
      <marc:controlfield tag="008">070406n1980                  000 0 eng u</marc:controlfield>
      <marc:datafield tag="020" ind1=" " ind2=" ">
         <marc:subfield code="a">0396079075</marc:subfield>
      </marc:datafield>
      <marc:datafield tag="245" ind1="1" ind2="4">
         <marc:subfield code="a">The best plays of 1979-1980 / </marc:subfield>
         <marc:subfield code="c"> edited by Otis L. Guernsey, Jr. ; illustrated with photos. and with drawings by Hirschfeld.</marc:subfield>
      </marc:datafield>
      <marc:datafield tag="260" ind1=" " ind2=" ">
         <marc:subfield code="a">New York : </marc:subfield>
         <marc:subfield code="b"> Dodd, Mead, </marc:subfield>
         <marc:subfield code="c"> 1980.</marc:subfield>
      </marc:datafield>
      <marc:datafield tag="440" ind1=" " ind2=" ">
         <marc:subfield code="a">Burns Mantle yearbook</marc:subfield>
      </marc:datafield>
      <marc:datafield tag="500" ind1=" " ind2=" ">
         <marc:subfield code="a">Contains ABRIDGED EDITIONS of the ten best plays for 1979-80.</marc:subfield>
      </marc:datafield>
      <marc:datafield tag="505" ind1=" " ind2=" ">
         <marc:subfield code="a">Loose ends / by Michael Weller -- Betrayal / by Harold Pinter -- Bent / by Martin Sherman -- The lady from Dubuque / by Edward Albee -- Children of a lesser god / by Mark Medoff -- Home / by Samm-Art Williams -- Talley?s folly / by Lanford Wilson -- Table settings / by James Lapine -- I ought to be in pictures / by Neil Simon -- Nuts / by Tom Topor -- Sugar babies, sketches / by Ralph G. Allen based on traditional material.</marc:subfield>
      </marc:datafield>
      <marc:datafield tag="650" ind1=" " ind2=" ">
         <marc:subfield code="a">Theater </marc:subfield>
         <marc:subfield code="z"> United States </marc:subfield>
         <marc:subfield code="v"> Periodicals. </marc:subfield>
         <marc:subfield code="a"> Drama </marc:subfield>
         <marc:subfield code="y"> 20th century.</marc:subfield>
      </marc:datafield>
      <marc:datafield tag="700" ind1=" " ind2=" ">
         <marc:subfield code="a">Guernsey, Otis L., </marc:subfield>
         <marc:subfield code="d"> 1918-   </marc:subfield>
         <marc:subfield code="a"> Weller, Michael, </marc:subfield>
         <marc:subfield code="d"> 1942- </marc:subfield>
         <marc:subfield code="t"> Loose ends.   </marc:subfield>
         <marc:subfield code="a"> Pinter, Harold, </marc:subfield>
         <marc:subfield code="d"> 1930- </marc:subfield>
         <marc:subfield code="t"> Betrayal.   </marc:subfield>
         <marc:subfield code="a"> Sherman, Martin. </marc:subfield>
         <marc:subfield code="t"> Bent.   </marc:subfield>
         <marc:subfield code="a"> Albee, Edward, </marc:subfield>
         <marc:subfield code="d"> 1928- </marc:subfield>
         <marc:subfield code="t"> Lady from Dubuque.   </marc:subfield>
         <marc:subfield code="a"> Medoff, Mark Howard. </marc:subfield>
         <marc:subfield code="t"> Children of a lesser god.   </marc:subfield>
         <marc:subfield code="a"> Williams, Samm-Art. </marc:subfield>
         <marc:subfield code="t"> Home.   </marc:subfield>
         <marc:subfield code="a"> Wilson, Lanford, </marc:subfield>
         <marc:subfield code="d"> 1937- </marc:subfield>
         <marc:subfield code="t"> Talley?s folly.   </marc:subfield>
         <marc:subfield code="a"> Lapine, James. </marc:subfield>
         <marc:subfield code="t"> Table settings.   </marc:subfield>
         <marc:subfield code="a"> Simon, Neil. </marc:subfield>
         <marc:subfield code="t"> I ought to be in pictures.   </marc:subfield>
         <marc:subfield code="a"> Topor, Tom, </marc:subfield>
         <marc:subfield code="d"> 1938- </marc:subfield>
         <marc:subfield code="t"> Nuts.   </marc:subfield>
         <marc:subfield code="a"> Allen, Ralph G. </marc:subfield>
         <marc:subfield code="t"> Sugar babies.</marc:subfield>
      </marc:datafield>
      <marc:datafield tag="740" ind1="1" ind2="4">
         <marc:subfield code="a">The lady from Dubuque.</marc:subfield>
      </marc:datafield>
      <marc:datafield tag="990" ind1=" " ind2=" ">
         <marc:subfield code="a">492</marc:subfield>
      </marc:datafield>
      <marc:datafield tag="999" ind1=" " ind2=" ">
         <marc:subfield code="a">PN 6112 .B45 1979-80</marc:subfield>
         <marc:subfield code="w">LC</marc:subfield>
         <marc:subfield code="c">1</marc:subfield>
         <marc:subfield code="i">30173000073980</marc:subfield>
         <marc:subfield code="d">11/2/2010</marc:subfield>
         <marc:subfield code="f">11/2/2010</marc:subfield>
         <marc:subfield code="g">2</marc:subfield>
         <marc:subfield code="l">STACKS</marc:subfield>
         <marc:subfield code="m">DEGEN_ROOM</marc:subfield>
         <marc:subfield code="r">Y</marc:subfield>
         <marc:subfield code="s">Y</marc:subfield>
         <marc:subfield code="t">BOOK</marc:subfield>
         <marc:subfield code="u">4/6/2007</marc:subfield>
      </marc:datafield>
   </marc:record>