
   <marc:record>
      <marc:leader>01914cam a2200205   4500</marc:leader>
      <marc:controlfield tag="008">070406n                      000 0 eng u</marc:controlfield>
      <marc:datafield tag="020" ind1=" " ind2=" ">
         <marc:subfield code="a">0396076378</marc:subfield>
      </marc:datafield>
      <marc:datafield tag="245" ind1="1" ind2="4">
         <marc:subfield code="a">The Best plays of 1977-1978 : </marc:subfield>
         <marc:subfield code="b"> the Burns Mantle yearbook / </marc:subfield>
         <marc:subfield code="c"> edited by Otis L. Guernsey, Jr. ; illustrated with photographs and with drawings by Hirschfeld</marc:subfield>
      </marc:datafield>
      <marc:datafield tag="260" ind1=" " ind2=" ">
         <marc:subfield code="a">New York : </marc:subfield>
         <marc:subfield code="b"> Dodd, Mead &amp; Co., </marc:subfield>
         <marc:subfield code="c"> c1978.</marc:subfield>
      </marc:datafield>
      <marc:datafield tag="300" ind1=" " ind2=" ">
         <marc:subfield code="a">xi, 604 p., [48] p. of plates : </marc:subfield>
         <marc:subfield code="b"> ill. ; </marc:subfield>
         <marc:subfield code="c"> 24 cm.</marc:subfield>
      </marc:datafield>
      <marc:datafield tag="440" ind1=" " ind2=" ">
         <marc:subfield code="a">The Burns Mantle theater yearbook</marc:subfield>
      </marc:datafield>
      <marc:datafield tag="500" ind1=" " ind2=" ">
         <marc:subfield code="a">Includes index.</marc:subfield>
      </marc:datafield>
      <marc:datafield tag="505" ind1=" " ind2=" ">
         <marc:subfield code="a">The gin game : a play in two acts / by D. L. Coburn -- A life in the theater : a play in one act and 26 scenes / by David Mamet -- Chapter two : a comedy in two acts / by Neil Simon -- A prayer for my daughter : a play in two acts / by Thomas Babe -- Deathtrap : a play in two acts / by Ira Levin -- Family business : a play in three acts / by Dick Goldberg -- The 5th of July : a play in two acts / by Lanford Wilson -- The best little whorehouse in Texas : a musical in two acts / book by Larry L. King and Peter Masterson ; music and lyrics by Carol Hall -- Tribute : a play in two acts / by Bernard Slade -- "Da" : a play in two acts / by Hugh Leonard.</marc:subfield>
      </marc:datafield>
      <marc:datafield tag="650" ind1=" " ind2=" ">
         <marc:subfield code="a">Theater </marc:subfield>
         <marc:subfield code="z"> United States </marc:subfield>
         <marc:subfield code="v"> Periodicals.   </marc:subfield>
         <marc:subfield code="a"> Drama </marc:subfield>
         <marc:subfield code="y"> 20th century.   </marc:subfield>
         <marc:subfield code="a"> Drama </marc:subfield>
         <marc:subfield code="v"> Bibliography.</marc:subfield>
      </marc:datafield>
      <marc:datafield tag="700" ind1=" " ind2=" ">
         <marc:subfield code="a">Guernsey, Otis L., </marc:subfield>
         <marc:subfield code="d"> 1918-</marc:subfield>
      </marc:datafield>
      <marc:datafield tag="740" ind1=" " ind2=" ">
         <marc:subfield code="a">Burns Mantle yearbook.   </marc:subfield>
         <marc:subfield code="a"> The Gin game.   </marc:subfield>
         <marc:subfield code="a"> A Life in the theater.   </marc:subfield>
         <marc:subfield code="a"> Chapter two.   </marc:subfield>
         <marc:subfield code="a"> A Prayer for my daughter.   </marc:subfield>
         <marc:subfield code="a"> Deathtrap.  </marc:subfield>
         <marc:subfield code="a"> Family business.   </marc:subfield>
         <marc:subfield code="a"> The 5th of July.   </marc:subfield>
         <marc:subfield code="a"> The Best little whorehouse in Texas.   </marc:subfield>
         <marc:subfield code="a"> Tribute.   </marc:subfield>
         <marc:subfield code="a"> "Da".</marc:subfield>
      </marc:datafield>
      <marc:datafield tag="990" ind1=" " ind2=" ">
         <marc:subfield code="a">493</marc:subfield>
      </marc:datafield>
      <marc:datafield tag="999" ind1=" " ind2=" ">
         <marc:subfield code="a">PN 6112 .B45 1977-78</marc:subfield>
         <marc:subfield code="w">LC</marc:subfield>
         <marc:subfield code="c">1</marc:subfield>
         <marc:subfield code="i">30173000073998</marc:subfield>
         <marc:subfield code="d">12/9/2010</marc:subfield>
         <marc:subfield code="f">12/9/2010</marc:subfield>
         <marc:subfield code="g">3</marc:subfield>
         <marc:subfield code="l">STACKS</marc:subfield>
         <marc:subfield code="m">DEGEN_ROOM</marc:subfield>
         <marc:subfield code="r">Y</marc:subfield>
         <marc:subfield code="s">Y</marc:subfield>
         <marc:subfield code="t">BOOK</marc:subfield>
         <marc:subfield code="u">4/6/2007</marc:subfield>
      </marc:datafield>
      <marc:datafield tag="999" ind1=" " ind2=" ">
         <marc:subfield code="a">PN 6112 .B45 1977-78</marc:subfield>
         <marc:subfield code="w">LC</marc:subfield>
         <marc:subfield code="c">2</marc:subfield>
         <marc:subfield code="i">30173000094663</marc:subfield>
         <marc:subfield code="d">10/27/2010</marc:subfield>
         <marc:subfield code="f">10/27/2010</marc:subfield>
         <marc:subfield code="g">1</marc:subfield>
         <marc:subfield code="l">STACKS</marc:subfield>
         <marc:subfield code="m">DEGEN_ROOM</marc:subfield>
         <marc:subfield code="r">Y</marc:subfield>
         <marc:subfield code="s">Y</marc:subfield>
         <marc:subfield code="t">BOOK</marc:subfield>
         <marc:subfield code="u">10/27/2010</marc:subfield>
      </marc:datafield>
   </marc:record>