
   <marc:record>
      <marc:leader>01365cam a2200181   4500</marc:leader>
      <marc:controlfield tag="008">070409n1994                  000 0 eng u</marc:controlfield>
      <marc:datafield tag="020" ind1=" " ind2=" ">
         <marc:subfield code="a">0879101830</marc:subfield>
      </marc:datafield>
      <marc:datafield tag="245" ind1="1" ind2="4">
         <marc:subfield code="a">The best plays of 1993-1994 / </marc:subfield>
         <marc:subfield code="c"> edited by Otis L. Guernsey, Jr. and Jeffrey Sweet ; illustrated with photographs and with drawings by Hirschfeld.</marc:subfield>
      </marc:datafield>
      <marc:datafield tag="250" ind1=" " ind2=" ">
         <marc:subfield code="a">75th anniversary ed.</marc:subfield>
      </marc:datafield>
      <marc:datafield tag="260" ind1=" " ind2=" ">
         <marc:subfield code="a">New York : </marc:subfield>
         <marc:subfield code="b"> Limelight Editions, </marc:subfield>
         <marc:subfield code="c"> c1994.</marc:subfield>
      </marc:datafield>
      <marc:datafield tag="300" ind1=" " ind2=" ">
         <marc:subfield code="a">xiii, 663 p. : </marc:subfield>
         <marc:subfield code="b"> ill. ; </marc:subfield>
         <marc:subfield code="c"> 24 cm.</marc:subfield>
      </marc:datafield>
      <marc:datafield tag="500" ind1=" " ind2=" ">
         <marc:subfield code="a">"Featuring scenes from the ten best plays"--Jacket. </marc:subfield>
         <marc:subfield code="a"> Includes index.</marc:subfield>
      </marc:datafield>
      <marc:datafield tag="505" ind1=" " ind2=" ">
         <marc:subfield code="a">A perfect Ganesh / Terrence McNally -- The madness of George III / Alan Bennett -- The Kentucky cycle / Robert Schenkkan -- Laughter on the 23rd floor / Neil Simon -- Angels in America, part II : perestroika / Tony Kushner -- All in the timing / David Ives -- Three tall women / Edward Albee -- Twilight : Los Angeles, 1992 / Anna Deavere Smith -- Passion / book by James Lapine ; music and lyrics by Stephen Sondheim -- SubUrbia / Eric Bogosian -- American enterprise / Jeffrey Sweet.</marc:subfield>
      </marc:datafield>
      <marc:datafield tag="650" ind1=" " ind2=" ">
         <marc:subfield code="a">Drama </marc:subfield>
         <marc:subfield code="y"> 20th century.</marc:subfield>
         <marc:subfield code="a"> Theater </marc:subfield>
         <marc:subfield code="z"> United States.</marc:subfield>
      </marc:datafield>
      <marc:datafield tag="700" ind1=" " ind2=" ">
         <marc:subfield code="a">Guernsey, Otis L., </marc:subfield>
         <marc:subfield code="d"> 1918-</marc:subfield>
         <marc:subfield code="a"> Sweet, Jeffrey, </marc:subfield>
         <marc:subfield code="d"> 1950-</marc:subfield>
      </marc:datafield>
      <marc:datafield tag="990" ind1=" " ind2=" ">
         <marc:subfield code="a">495</marc:subfield>
      </marc:datafield>
      <marc:datafield tag="999" ind1=" " ind2=" ">
         <marc:subfield code="a">PN 6112 .B45 1993-94</marc:subfield>
         <marc:subfield code="w">LC</marc:subfield>
         <marc:subfield code="c">1</marc:subfield>
         <marc:subfield code="i">30173000074012</marc:subfield>
         <marc:subfield code="d">2/13/2015</marc:subfield>
         <marc:subfield code="e">1/28/2015</marc:subfield>
         <marc:subfield code="f">10/16/2010</marc:subfield>
         <marc:subfield code="g">2</marc:subfield>
         <marc:subfield code="l">STACKS</marc:subfield>
         <marc:subfield code="m">DEGEN_ROOM</marc:subfield>
         <marc:subfield code="n">3</marc:subfield>
         <marc:subfield code="r">Y</marc:subfield>
         <marc:subfield code="s">Y</marc:subfield>
         <marc:subfield code="t">BOOK</marc:subfield>
         <marc:subfield code="u">4/9/2007</marc:subfield>
      </marc:datafield>
   </marc:record>