
   <marc:record>
      <marc:leader>01273cam a2200181   4500</marc:leader>
      <marc:controlfield tag="008">070409n                      000 0 eng u</marc:controlfield>
      <marc:datafield tag="020" ind1=" " ind2=" ">
         <marc:subfield code="a">0396068782</marc:subfield>
      </marc:datafield>
      <marc:datafield tag="245" ind1="1" ind2="4">
         <marc:subfield code="a">The Best plays of 1972-1973 / Edited by Otis L. Guernsey, jr. ; illustrated with photographs and with drawings by Hirschfeld.</marc:subfield>
      </marc:datafield>
      <marc:datafield tag="260" ind1=" " ind2=" ">
         <marc:subfield code="a">New York : Dodd, Mead, [1973]</marc:subfield>
      </marc:datafield>
      <marc:datafield tag="300" ind1=" " ind2=" ">
         <marc:subfield code="a">axi, 515 p., [24] leaves of plates : bill., ports. ; c24 cm</marc:subfield>
      </marc:datafield>
      <marc:datafield tag="490" ind1=" " ind2=" ">
         <marc:subfield code="a">The Burns Mantle theater yearbook.</marc:subfield>
      </marc:datafield>
      <marc:datafield tag="500" ind1=" " ind2=" ">
         <marc:subfield code="a">Includes an index.</marc:subfield>
      </marc:datafield>
      <marc:datafield tag="505" ind1=" " ind2=" ">
         <marc:subfield code="a">[The ten best plays]: 6 rms riv vu, by Bob Randall.--Butley, by Simon Gray.--Green Julia, by Paul Ableman.--The creation of he world and other business, by Arthur Miller.--The River Niger, by Joseph A. Walker.--The sunshine boys, By Neil Simon.--Finishing touches, by Jean Kerr.--The changing room, by David Storey.--The hot l Baltimore, by Lanford Wilson.--A little night music, book by Hugh Wheeler, music and lyrics by Stephen Sondheim.</marc:subfield>
      </marc:datafield>
      <marc:datafield tag="650" ind1=" " ind2=" ">
         <marc:subfield code="a">Theater United States Periodicals.Drama Bibliography. Drama 20th century.</marc:subfield>
      </marc:datafield>
      <marc:datafield tag="700" ind1=" " ind2=" ">
         <marc:subfield code="a">Mantle, Burns, 1873-1948.Guernsey, Otis L., 1918-</marc:subfield>
      </marc:datafield>
      <marc:datafield tag="990" ind1=" " ind2=" ">
         <marc:subfield code="a">496</marc:subfield>
      </marc:datafield>
      <marc:datafield tag="999" ind1=" " ind2=" ">
         <marc:subfield code="a">PN 6112 .B45 1972-73</marc:subfield>
         <marc:subfield code="w">LC</marc:subfield>
         <marc:subfield code="c">1</marc:subfield>
         <marc:subfield code="i">30173000074020</marc:subfield>
         <marc:subfield code="d">10/28/2010</marc:subfield>
         <marc:subfield code="f">10/28/2010</marc:subfield>
         <marc:subfield code="g">2</marc:subfield>
         <marc:subfield code="l">STACKS</marc:subfield>
         <marc:subfield code="m">DEGEN_ROOM</marc:subfield>
         <marc:subfield code="r">Y</marc:subfield>
         <marc:subfield code="s">Y</marc:subfield>
         <marc:subfield code="t">BOOK</marc:subfield>
         <marc:subfield code="u">4/9/2007</marc:subfield>
      </marc:datafield>
   </marc:record>