
   <marc:record>
      <marc:leader>01659cam a2200181   4500</marc:leader>
      <marc:controlfield tag="008">070409n1993                  000 0 eng u</marc:controlfield>
      <marc:datafield tag="020" ind1=" " ind2=" ">
         <marc:subfield code="a">0879101733</marc:subfield>
      </marc:datafield>
      <marc:datafield tag="245" ind1="1" ind2="4">
         <marc:subfield code="a">The Best plays of 1992-1993 /   edited by Otis L. Guernsey, Jr. and  Jeffrey Sweet ; illustrated with photographs and with drawings by Hirschfeld.</marc:subfield>
      </marc:datafield>
      <marc:datafield tag="260" ind1=" " ind2=" ">
         <marc:subfield code="a">New York, N.Y. :  Limelight Editions, c1993.</marc:subfield>
      </marc:datafield>
      <marc:datafield tag="300" ind1=" " ind2=" ">
         <marc:subfield code="a">xi, 565 p. :  ill. ;  24 cm.</marc:subfield>
      </marc:datafield>
      <marc:datafield tag="500" ind1=" " ind2=" ">
         <marc:subfield code="a">Contains abridged editions of the ten best plays for 1992-1993.  </marc:subfield>
         <marc:subfield code="a"> Includes index.</marc:subfield>
      </marc:datafield>
      <marc:datafield tag="505" ind1=" " ind2=" ">
         <marc:subfield code="a">Red diaper baby / Josh Kornbluth -- Spic-O-Rama / John Leguizamo -- The Destiny of me / Larry Kramer -- The Sisters Rosensweig / Wendy Wasserstein -- Oleanna / David Mamet -- Joined at the head / Catherine Butterfield -- Jeffrey / Paul Rudnick -- Wings / book and lyrics by Arthur Perlman ; music by Jeffrey Lunden ; based on a play by Arthur Kopit -- Kiss of the spider woman / book by Terrence McNally ; music by John Kander ; lyrics by Fred Ebb ; based on a novel by Manuel Puig -- Angels in America: Millennium approaches / Tony Kushner -- Later life / A.R. Gurney -- The Who's Tommy / book by Pete Townshend and Des McAnuff ; music and lyrics by Pete Townshend ; additional   music and lyrics by John Entwistle and Keith Moon.</marc:subfield>
      </marc:datafield>
      <marc:datafield tag="650" ind1=" " ind2=" ">
         <marc:subfield code="a">Drama   20th century.   Theater   United States.</marc:subfield>
      </marc:datafield>
      <marc:datafield tag="700" ind1=" " ind2=" ">
         <marc:subfield code="a">Guernsey, Otis L.,   1918-   Sweet, Jeffrey,   1950-</marc:subfield>
      </marc:datafield>
      <marc:datafield tag="740" ind1="1" ind2="4">
         <marc:subfield code="a">The Otis Guernsey/Burns Mantle theater yearbook.  Theater yearbook of 1992-1993.</marc:subfield>
      </marc:datafield>
      <marc:datafield tag="990" ind1=" " ind2=" ">
         <marc:subfield code="a">497</marc:subfield>
      </marc:datafield>
      <marc:datafield tag="999" ind1=" " ind2=" ">
         <marc:subfield code="a">PN 6112 .B45 1992-93</marc:subfield>
         <marc:subfield code="w">LC</marc:subfield>
         <marc:subfield code="c">1</marc:subfield>
         <marc:subfield code="i">30173000074038</marc:subfield>
         <marc:subfield code="d">10/16/2010</marc:subfield>
         <marc:subfield code="f">10/16/2010</marc:subfield>
         <marc:subfield code="g">2</marc:subfield>
         <marc:subfield code="l">STACKS</marc:subfield>
         <marc:subfield code="m">DEGEN_ROOM</marc:subfield>
         <marc:subfield code="r">Y</marc:subfield>
         <marc:subfield code="s">Y</marc:subfield>
         <marc:subfield code="t">BOOK</marc:subfield>
         <marc:subfield code="u">4/9/2007</marc:subfield>
      </marc:datafield>
   </marc:record>