
   <marc:record>
      <marc:leader>01121cam a2200181   4500</marc:leader>
      <marc:controlfield tag="008">070409n1996                  000 0 eng u</marc:controlfield>
      <marc:datafield tag="020" ind1=" " ind2=" ">
         <marc:subfield code="a">0879100893</marc:subfield>
      </marc:datafield>
      <marc:datafield tag="245" ind1="1" ind2="4">
         <marc:subfield code="a">The best plays of 1995-1996 /</marc:subfield>
         <marc:subfield code="c">edited by Otis L. Guernsey, Jr. and Jeffrey Sweet ; illustrated with photographs and with drawings by Hirschfeld.</marc:subfield>
      </marc:datafield>
      <marc:datafield tag="250" ind1=" " ind2=" ">
         <marc:subfield code="a">77th [ed.].</marc:subfield>
      </marc:datafield>
      <marc:datafield tag="260" ind1=" " ind2=" ">
         <marc:subfield code="a">New York, N.Y. :</marc:subfield>
         <marc:subfield code="b">Limelight Editions,</marc:subfield>
         <marc:subfield code="c">c1996.</marc:subfield>
      </marc:datafield>
      <marc:datafield tag="300" ind1=" " ind2=" ">
         <marc:subfield code="a">xi, 572 p. :</marc:subfield>
         <marc:subfield code="b">ill. ;</marc:subfield>
         <marc:subfield code="c">24 cm.</marc:subfield>
      </marc:datafield>
      <marc:datafield tag="500" ind1=" " ind2=" ">
         <marc:subfield code="a">Includes index.</marc:subfield>
      </marc:datafield>
      <marc:datafield tag="505" ind1=" " ind2=" ">
         <marc:subfield code="t">Mrs. Klein /</marc:subfield>
         <marc:subfield code="r">Nicholas Wright --</marc:subfield>
         <marc:subfield code="t">Master class /  </marc:subfield>
         <marc:subfield code="r">Terrence McNally --</marc:subfield>
         <marc:subfield code="t">New England /</marc:subfield>
         <marc:subfield code="r">Richard Nelson --  </marc:subfield>
         <marc:subfield code="t">Valley song /</marc:subfield>
         <marc:subfield code="r">Athol Fugard --</marc:subfield>
         <marc:subfield code="t">Molly Sweeney /</marc:subfield>
         <marc:subfield code="r">Brian   Friel --</marc:subfield>
         <marc:subfield code="t">Rent /</marc:subfield>
         <marc:subfield code="r">Jonathan Larson --</marc:subfield>
         <marc:subfield code="t">A fair country /  </marc:subfield>
         <marc:subfield code="r">Jon Robin Baitz --</marc:subfield>
         <marc:subfield code="t">Seven guitars /</marc:subfield>
         <marc:subfield code="r">August Wilson --  </marc:subfield>
         <marc:subfield code="t">The skriker /</marc:subfield>
         <marc:subfield code="r">Caryl Churchill --</marc:subfield>
         <marc:subfield code="t">Curtains /</marc:subfield>
         <marc:subfield code="r">Stephen   Bill.</marc:subfield>
      </marc:datafield>
      <marc:datafield tag="650" ind1=" " ind2=" ">
         <marc:subfield code="a">Drama</marc:subfield>
         <marc:subfield code="y">20th century. Theater</marc:subfield>
         <marc:subfield code="z">United States.</marc:subfield>
      </marc:datafield>
      <marc:datafield tag="700" ind1=" " ind2=" ">
         <marc:subfield code="a">Guernsey, Otis L.,</marc:subfield>
         <marc:subfield code="d">1918- Sweet, Jeffrey,</marc:subfield>
         <marc:subfield code="d">1950-</marc:subfield>
      </marc:datafield>
      <marc:datafield tag="990" ind1=" " ind2=" ">
         <marc:subfield code="a">498</marc:subfield>
      </marc:datafield>
      <marc:datafield tag="999" ind1=" " ind2=" ">
         <marc:subfield code="a">PN 6112 .B45 1996-97</marc:subfield>
         <marc:subfield code="w">LC</marc:subfield>
         <marc:subfield code="c">1</marc:subfield>
         <marc:subfield code="i">30173000074046</marc:subfield>
         <marc:subfield code="d">10/16/2010</marc:subfield>
         <marc:subfield code="f">10/16/2010</marc:subfield>
         <marc:subfield code="g">2</marc:subfield>
         <marc:subfield code="l">STACKS</marc:subfield>
         <marc:subfield code="m">DEGEN_ROOM</marc:subfield>
         <marc:subfield code="r">Y</marc:subfield>
         <marc:subfield code="s">Y</marc:subfield>
         <marc:subfield code="t">BOOK</marc:subfield>
         <marc:subfield code="u">4/9/2007</marc:subfield>
      </marc:datafield>
   </marc:record>