
   <marc:record>
      <marc:leader>03232cam a2200217   4500</marc:leader>
      <marc:controlfield tag="008">070409n1984                  000 0 eng u</marc:controlfield>
      <marc:datafield tag="020" ind1=" " ind2=" ">
         <marc:subfield code="a">0396083471</marc:subfield>
      </marc:datafield>
      <marc:datafield tag="245" ind1="1" ind2="4">
         <marc:subfield code="a">The Best plays of 1983-1984 /</marc:subfield>
         <marc:subfield code="c">edited by Otis L. Guernsey, Jr. ; illustrated with photographs and with drawings by Hirschfeld.</marc:subfield>
      </marc:datafield>
      <marc:datafield tag="260" ind1=" " ind2=" ">
         <marc:subfield code="a">New York :</marc:subfield>
         <marc:subfield code="b">Dodd, Mead &amp; Co.,</marc:subfield>
         <marc:subfield code="c">c1984.</marc:subfield>
      </marc:datafield>
      <marc:datafield tag="300" ind1=" " ind2=" ">
         <marc:subfield code="a">xi, 516 p. :</marc:subfield>
         <marc:subfield code="b">ill. ;</marc:subfield>
         <marc:subfield code="c">24 cm.</marc:subfield>
      </marc:datafield>
      <marc:datafield tag="440" ind1=" " ind2=" ">
         <marc:subfield code="a">The Burns Mantle yearbook.</marc:subfield>
      </marc:datafield>
      <marc:datafield tag="490" ind1=" " ind2=" ">
         <marc:subfield code="a">The Burns Mantle theater yearbook.</marc:subfield>
      </marc:datafield>
      <marc:datafield tag="500" ind1=" " ind2=" ">
         <marc:subfield code="a">Contains abridged editions of the ten best plays for 1983-84. Includes bibliographies and indexes. "The Best plays, 1894-1983": p. 452-467.</marc:subfield>
      </marc:datafield>
      <marc:datafield tag="505" ind1=" " ind2=" ">
         <marc:subfield code="a">Fool for love / Sam Shephard -- La cage aux folles / book   by Harvey Fierstein ; Musics &amp; lyrics by Jerry Herman ;   based on the play by Jean Poiret -- Painting churches /   Tina Howe -- And a nightingale sang ... / C.P. Taylor --   Noises off / Michael Frayn -- The real thing / Tom   Stoppard -- Ohio impromptu; Catastrophe; What where;  Enough; Footfalls; Rockaby / Samuel Beckett -- Glengarry   Glen Ross / David Mamet -- Sunday in the park with George   / book by James Lapine ; Music &amp; lyrics / Stephen Sondheim  -- The Miss firecracker contest / Beth Henley.  by Harvey Fierstein ; Musics &amp; lyrics by Jerry Herman ;   based on the play by Jean Poiret -- Painting churches /   Tina Howe -- And a nightingale sang ... / C.P. Taylor --   Noises off / Michael Frayn -- The real thing / Tom   Stoppard -- Ohio impromptu; Catastrophe; What where;   Enough; Footfalls; Rockaby / Samuel Beckett -- Glengarry   Glen Ross / David Mamet -- Sunday in the park with George   / book by James Lapine ; Music &amp; lyrics / Stephen Sondheim  -- The Miss firecracker contest / Beth Henley.</marc:subfield>
      </marc:datafield>
      <marc:datafield tag="650" ind1=" " ind2=" ">
         <marc:subfield code="a">Drama</marc:subfield>
         <marc:subfield code="y">20th century. Theater</marc:subfield>
         <marc:subfield code="z">United States</marc:subfield>
         <marc:subfield code="x">Yearbooks.</marc:subfield>
      </marc:datafield>
      <marc:datafield tag="700" ind1=" " ind2=" ">
         <marc:subfield code="a">Guernsey, Otis L.,</marc:subfield>
         <marc:subfield code="d">1918-   Shepard, Sam,</marc:subfield>
         <marc:subfield code="d">1943-</marc:subfield>
         <marc:subfield code="t">Fool for love.   Fierstein, Harvey,</marc:subfield>
         <marc:subfield code="d">1954-</marc:subfield>
         <marc:subfield code="t">Cage aux folles.   Poiret, Jean,</marc:subfield>
         <marc:subfield code="d">1926-</marc:subfield>
         <marc:subfield code="t">Cage aux folles.   Howe, Tina.</marc:subfield>
         <marc:subfield code="t">Painting churches.   Taylor, Cecil P.,</marc:subfield>
         <marc:subfield code="d">1929-</marc:subfield>
         <marc:subfield code="t">And a nightingale sang ...   Frayn, Michael.</marc:subfield>
         <marc:subfield code="t">Noises off.   Stoppard, Tom.</marc:subfield>
         <marc:subfield code="t">Real thing.   Beckett, Samuel,</marc:subfield>
         <marc:subfield code="d">1906-</marc:subfield>
         <marc:subfield code="t">Ohio impromptu.   Beckett, Samuel,</marc:subfield>
         <marc:subfield code="d">1906-</marc:subfield>
         <marc:subfield code="t">Catastrophe.   Beckett, Samuel,</marc:subfield>
         <marc:subfield code="d">1906-</marc:subfield>
         <marc:subfield code="t">What where.   Beckett, Samuel,</marc:subfield>
         <marc:subfield code="d">1906-</marc:subfield>
         <marc:subfield code="t">Enough.   Beckett, Samuel,</marc:subfield>
         <marc:subfield code="d">1906-</marc:subfield>
         <marc:subfield code="t">Footfalls.   Beckett, Samuel,</marc:subfield>
         <marc:subfield code="d">1906-</marc:subfield>
         <marc:subfield code="t">Rockaby.   Mamet, David.</marc:subfield>
         <marc:subfield code="t">Glengarry Glen Ross.   Lapine, James.</marc:subfield>
         <marc:subfield code="t">Sunday in the park with George.   Sondheim, Stephen.</marc:subfield>
         <marc:subfield code="t">Sunday in the park with George.   Henley, Beth.</marc:subfield>
         <marc:subfield code="t">Miss firecracker contest.   Herman, Jerry,</marc:subfield>
         <marc:subfield code="d">1933-</marc:subfield>
         <marc:subfield code="t">Cage aux folles.</marc:subfield>
      </marc:datafield>
      <marc:datafield tag="740" ind1=" " ind2=" ">
         <marc:subfield code="a">Fool for love.   La Cage aux folles.   Painting churches.   And a nightingale sang ...   Noises off.   Real thing.   Ohio impromptu.   Castastrophe.   What where.   Enough.   Footfalls.   Rockaby.   Sunday in the park with George.   Miss firecracker contest.</marc:subfield>
      </marc:datafield>
      <marc:datafield tag="990" ind1=" " ind2=" ">
         <marc:subfield code="a">499</marc:subfield>
      </marc:datafield>
      <marc:datafield tag="999" ind1=" " ind2=" ">
         <marc:subfield code="a">PN 6112 .B45 1983-84</marc:subfield>
         <marc:subfield code="w">LC</marc:subfield>
         <marc:subfield code="c">1</marc:subfield>
         <marc:subfield code="i">30173000074053</marc:subfield>
         <marc:subfield code="d">2/9/2017</marc:subfield>
         <marc:subfield code="e">1/12/2017</marc:subfield>
         <marc:subfield code="f">10/28/2010</marc:subfield>
         <marc:subfield code="g">2</marc:subfield>
         <marc:subfield code="l">STACKS</marc:subfield>
         <marc:subfield code="m">DEGEN_ROOM</marc:subfield>
         <marc:subfield code="n">7</marc:subfield>
         <marc:subfield code="r">Y</marc:subfield>
         <marc:subfield code="s">Y</marc:subfield>
         <marc:subfield code="t">BOOK</marc:subfield>
         <marc:subfield code="u">4/9/2007</marc:subfield>
         <marc:subfield code="o">.PUBLIC. Click 'Catalog Record' Tab for more information.</marc:subfield>
      </marc:datafield>
      <marc:datafield tag="999" ind1=" " ind2=" ">
         <marc:subfield code="a">PN 6112 .B45 1983-84</marc:subfield>
         <marc:subfield code="w">LC</marc:subfield>
         <marc:subfield code="c">2</marc:subfield>
         <marc:subfield code="i">30173000216993</marc:subfield>
         <marc:subfield code="d">1/17/2017</marc:subfield>
         <marc:subfield code="e">12/12/2016</marc:subfield>
         <marc:subfield code="f">5/8/2015</marc:subfield>
         <marc:subfield code="g">1</marc:subfield>
         <marc:subfield code="l">STACKS</marc:subfield>
         <marc:subfield code="m">DEGEN_ROOM</marc:subfield>
         <marc:subfield code="n">3</marc:subfield>
         <marc:subfield code="r">Y</marc:subfield>
         <marc:subfield code="s">Y</marc:subfield>
         <marc:subfield code="t">BOOK</marc:subfield>
         <marc:subfield code="u">5/7/2015</marc:subfield>
      </marc:datafield>
   </marc:record>