
   <marc:record>
      <marc:leader>01348cam a2200181   4500</marc:leader>
      <marc:controlfield tag="008">070409n1987                  000 0 eng u</marc:controlfield>
      <marc:datafield tag="020" ind1=" " ind2=" ">
         <marc:subfield code="a">0396088163</marc:subfield>
      </marc:datafield>
      <marc:datafield tag="245" ind1="1" ind2="4">
         <marc:subfield code="a">The Best plays of 1985-1986 / edited by Otis L. Guernsey, Jr. and Jeffrey Sweet ; illustrated with photographs and with drawings by Hirschfeld.</marc:subfield>
      </marc:datafield>
      <marc:datafield tag="260" ind1=" " ind2=" ">
         <marc:subfield code="a">New York : Dodd, Mead &amp; Co., 1987.</marc:subfield>
      </marc:datafield>
      <marc:datafield tag="300" ind1=" " ind2=" ">
         <marc:subfield code="a">x, 548 p. : ill. ; 24 cm.</marc:subfield>
      </marc:datafield>
      <marc:datafield tag="440" ind1=" " ind2=" ">
         <marc:subfield code="a">(The Burns Mantle yearbook).</marc:subfield>
      </marc:datafield>
      <marc:datafield tag="500" ind1=" " ind2=" ">
         <marc:subfield code="a">Contains abridged editions of the ten best plays for 1985-1986, plus special citation for Goblin Market. Includes index.</marc:subfield>
      </marc:datafield>
      <marc:datafield tag="505" ind1=" " ind2=" ">
         <marc:subfield code="a">The ten best plays [abridged]: I'm not Rappaport / Herb Gardner -- Season's greetings / Alan Ayckbourn -- The mystery of Edwin Drood / Rupert Holmes -- Aunt Dan and Lemon / Wallace Shawn -- Benefactors / Michael Frayn -- It's only a play / Terrence McNally -- Drinking in America / Eric Bogosian -- Execution of justice / Emily Mann -- Largo desolato / Vaclav Havel -- The perfect party / A.R. Gurney, Jr. -- Goblin Market / Peggy Harmon and Polly Pen.</marc:subfield>
      </marc:datafield>
      <marc:datafield tag="650" ind1=" " ind2=" ">
         <marc:subfield code="a">Drama--20th century. Theater--United States--Yearbooks.</marc:subfield>
      </marc:datafield>
      <marc:datafield tag="700" ind1=" " ind2=" ">
         <marc:subfield code="a">Guernsey, Otis L., 1918- Sweet, Jeffrey, 1950-</marc:subfield>
      </marc:datafield>
      <marc:datafield tag="990" ind1=" " ind2=" ">
         <marc:subfield code="a">500</marc:subfield>
      </marc:datafield>
      <marc:datafield tag="999" ind1=" " ind2=" ">
         <marc:subfield code="a">PN 6112 .B45 1985-86</marc:subfield>
         <marc:subfield code="w">LC</marc:subfield>
         <marc:subfield code="c">1</marc:subfield>
         <marc:subfield code="i">30173000074079</marc:subfield>
         <marc:subfield code="d">11/6/2012</marc:subfield>
         <marc:subfield code="f">11/6/2012</marc:subfield>
         <marc:subfield code="g">3</marc:subfield>
         <marc:subfield code="l">STACKS</marc:subfield>
         <marc:subfield code="m">DEGEN_ROOM</marc:subfield>
         <marc:subfield code="r">Y</marc:subfield>
         <marc:subfield code="s">Y</marc:subfield>
         <marc:subfield code="t">BOOK</marc:subfield>
         <marc:subfield code="u">4/9/2007</marc:subfield>
      </marc:datafield>
   </marc:record>