
   <marc:record>
      <marc:leader>01733cam a2200169   4500</marc:leader>
      <marc:controlfield tag="008">070409n                      000 0 eng u</marc:controlfield>
      <marc:datafield tag="245" ind1="1" ind2="4">
         <marc:subfield code="a">The Burns Mantle best plays of 1947-48 [and the] Year book of the drama in America</marc:subfield>
      </marc:datafield>
      <marc:datafield tag="260" ind1=" " ind2=" ">
         <marc:subfield code="a">New York : Dodd, Mead and Co., c1948</marc:subfield>
      </marc:datafield>
      <marc:datafield tag="300" ind1=" " ind2=" ">
         <marc:subfield code="a">494 p. ; ill.</marc:subfield>
      </marc:datafield>
      <marc:datafield tag="500" ind1=" " ind2=" ">
         <marc:subfield code="a">Includes: The plays and their authors -- Off Broadway -- Statistical summary -- Long runs on Broadway -- Pulitzer prize winners -- Listings of best plays in previous volumes -- Where and when they were born -- Necrology -- The decades' toll (players of outstanding prominence who have died in recent years)-- Index of authors -- Index of plays and casts -- The season in New York -- The season in Chicago -- The season in San Francisco -- The season in Southern California -- New York Drama Critics' Circle Award -- Plays produced in New York -- Dance drama -- Index of producers, directors and designers -- Equity-Library Theatre-The Experimental Theatre.</marc:subfield>
      </marc:datafield>
      <marc:datafield tag="505" ind1=" " ind2=" ">
         <marc:subfield code="a">A streetcar named Desire / Tennessee Williams -- Mister Roberts / Thomas Heggen and Joshua Logan -- Command decision / William Wister Haines -- The Winslow boy / Terence Rattigan -- The heiress / Ruth and Augustus Goetz -- Allegro / Richard Rogers and Oscar Hammerstein II -- Eastward in Eden / Dorothy Gardner -- Skipper next to God / Jan de Hartog -- An inspector calls / J.B. Priestley -- Me and Molly / Gertrude Berg.</marc:subfield>
      </marc:datafield>
      <marc:datafield tag="650" ind1=" " ind2=" ">
         <marc:subfield code="a">Drama Collections. Drama.</marc:subfield>
      </marc:datafield>
      <marc:datafield tag="700" ind1=" " ind2=" ">
         <marc:subfield code="a">Chapman, John, editor.</marc:subfield>
      </marc:datafield>
      <marc:datafield tag="740" ind1=" " ind2=" ">
         <marc:subfield code="a">Year book of the drama in America, 1947-48 Best plays of 1947-48</marc:subfield>
      </marc:datafield>
      <marc:datafield tag="990" ind1=" " ind2=" ">
         <marc:subfield code="a">501</marc:subfield>
      </marc:datafield>
      <marc:datafield tag="999" ind1=" " ind2=" ">
         <marc:subfield code="a">PN 6112 .B451 1947-48</marc:subfield>
         <marc:subfield code="w">LC</marc:subfield>
         <marc:subfield code="c">1</marc:subfield>
         <marc:subfield code="i">30173000074087</marc:subfield>
         <marc:subfield code="d">10/28/2010</marc:subfield>
         <marc:subfield code="f">10/28/2010</marc:subfield>
         <marc:subfield code="g">2</marc:subfield>
         <marc:subfield code="l">STACKS</marc:subfield>
         <marc:subfield code="m">DEGEN_ROOM</marc:subfield>
         <marc:subfield code="r">Y</marc:subfield>
         <marc:subfield code="s">Y</marc:subfield>
         <marc:subfield code="t">BOOK</marc:subfield>
         <marc:subfield code="u">4/9/2007</marc:subfield>
      </marc:datafield>
   </marc:record>