
   <marc:record>
      <marc:leader>01762cam a2200169   4500</marc:leader>
      <marc:controlfield tag="008">070409n                      000 0 eng u</marc:controlfield>
      <marc:datafield tag="245" ind1="1" ind2="4">
         <marc:subfield code="a">The Best plays of 1968-1969 /</marc:subfield>
         <marc:subfield code="c">edited by Otis L. Guernsey Jr. ; illustrated with photographs and with drawings by Hirschfeld.</marc:subfield>
      </marc:datafield>
      <marc:datafield tag="260" ind1=" " ind2=" ">
         <marc:subfield code="a">New York :</marc:subfield>
         <marc:subfield code="b">Dodd, Mead &amp; Co.,</marc:subfield>
         <marc:subfield code="c">c1969</marc:subfield>
      </marc:datafield>
      <marc:datafield tag="300" ind1=" " ind2=" ">
         <marc:subfield code="a">xv, 526 p., [48] p. of plates :</marc:subfield>
         <marc:subfield code="b">ill., ports. ;</marc:subfield>
         <marc:subfield code="c">24 cm</marc:subfield>
      </marc:datafield>
      <marc:datafield tag="490" ind1=" " ind2=" ">
         <marc:subfield code="a">The Burns Mantle theater yearbook ;</marc:subfield>
         <marc:subfield code="v">50</marc:subfield>
      </marc:datafield>
      <marc:datafield tag="500" ind1=" " ind2=" ">
         <marc:subfield code="a">Includes index.</marc:subfield>
      </marc:datafield>
      <marc:datafield tag="505" ind1=" " ind2=" ">
         <marc:subfield code="a">Lovers : a program of two one-act plays / by Brian Friel -  - The man in the glass booth : a play in two acts / by   Robert Shaw -- The great white hope : a play in three acts  / by Howard Sackler -- In the matter of J. Robert   Oppenheimer : a play in two acts / by Heinar Kipphards ;   translated by Ruth Spiers -- Forty carats : a comedy in   two acts / by Jay Allen ; based on a play by Pierre Barillet and Jean-Pierre Gredy -- Hadrian VII : a play in   two acts / by Peter Luke ; based on Hadrian the Seventh   and other works by Fr. Rolfe (Baron Corvo) -- Celebration   : a musical in two acts / book and lyrics by Tom Jones ;   music by Harvey Schmidt -- 1776 : a musical in one act :   based on a conception of Sherman Edwards / book by Peter   Stone ; music and lyrics by Sherman Edwards -- No place to  be somebody : a play in three acts / by Charles Gordone -- Adaptation/next : a program of two one-act plays / by   Elaine May and Terrence McNally.</marc:subfield>
      </marc:datafield>
      <marc:datafield tag="650" ind1=" " ind2=" ">
         <marc:subfield code="a">American drama.   Drama</marc:subfield>
         <marc:subfield code="y">20th century.   Theater</marc:subfield>
         <marc:subfield code="z">United States</marc:subfield>
         <marc:subfield code="x">Periodicals.   Drama</marc:subfield>
         <marc:subfield code="x">Bibliography.</marc:subfield>
      </marc:datafield>
      <marc:datafield tag="700" ind1=" " ind2=" ">
         <marc:subfield code="a">Guernsey, Otis L.,</marc:subfield>
         <marc:subfield code="d">1918-</marc:subfield>
      </marc:datafield>
      <marc:datafield tag="990" ind1=" " ind2=" ">
         <marc:subfield code="a">502</marc:subfield>
      </marc:datafield>
      <marc:datafield tag="999" ind1=" " ind2=" ">
         <marc:subfield code="a">PN 6112 .B45 1968-69</marc:subfield>
         <marc:subfield code="w">LC</marc:subfield>
         <marc:subfield code="c">1</marc:subfield>
         <marc:subfield code="i">30173000074095</marc:subfield>
         <marc:subfield code="d">10/18/2010</marc:subfield>
         <marc:subfield code="f">10/18/2010</marc:subfield>
         <marc:subfield code="g">2</marc:subfield>
         <marc:subfield code="l">STACKS</marc:subfield>
         <marc:subfield code="m">DEGEN_ROOM</marc:subfield>
         <marc:subfield code="r">Y</marc:subfield>
         <marc:subfield code="s">Y</marc:subfield>
         <marc:subfield code="t">BOOK</marc:subfield>
         <marc:subfield code="u">4/9/2007</marc:subfield>
      </marc:datafield>
   </marc:record>