
   <marc:record>
      <marc:leader>00774cam a2200181   4500</marc:leader>
      <marc:controlfield tag="008">070416n                      000 0 eng u</marc:controlfield>
      <marc:datafield tag="020" ind1=" " ind2=" ">
         <marc:subfield code="a">0896760065</marc:subfield>
      </marc:datafield>
      <marc:datafield tag="100" ind1="1" ind2=" ">
         <marc:subfield code="a"> Waldman, Robert.</marc:subfield>
      </marc:datafield>
      <marc:datafield tag="245" ind1="1" ind2="4">
         <marc:subfield code="a">The robber bridegroom : </marc:subfield>
         <marc:subfield code="b"> based on the novella by Eudora Welty / </marc:subfield>
         <marc:subfield code="c"> book and lyrics by Alfred Uhry ; music by Robert Waldman</marc:subfield>
      </marc:datafield>
      <marc:datafield tag="260" ind1=" " ind2=" ">
         <marc:subfield code="a"> New York : </marc:subfield>
         <marc:subfield code="b"> Drama Book Specialists, </marc:subfield>
         <marc:subfield code="c"> 1978.</marc:subfield>
      </marc:datafield>
      <marc:datafield tag="300" ind1=" " ind2=" ">
         <marc:subfield code="a"> 80 p., [4] leaves of plates : </marc:subfield>
         <marc:subfield code="b"> ill. ; </marc:subfield>
         <marc:subfield code="c"> 22 cm.</marc:subfield>
      </marc:datafield>
      <marc:datafield tag="500" ind1=" " ind2=" ">
         <marc:subfield code="a"/>
      </marc:datafield>
      <marc:datafield tag="650" ind1=" " ind2=" ">
         <marc:subfield code="a"> Musicals </marc:subfield>
         <marc:subfield code="v"> Librettos.</marc:subfield>
      </marc:datafield>
      <marc:datafield tag="700" ind1=" " ind2=" ">
         <marc:subfield code="a"> Uhry, Alfred. </marc:subfield>
         <marc:subfield code="t"> Robber bridegroom.</marc:subfield>
      </marc:datafield>
      <marc:datafield tag="990" ind1=" " ind2=" ">
         <marc:subfield code="a">507</marc:subfield>
      </marc:datafield>
      <marc:datafield tag="999" ind1=" " ind2=" ">
         <marc:subfield code="a">ML 50 .W1537 R6 1978</marc:subfield>
         <marc:subfield code="w">LC</marc:subfield>
         <marc:subfield code="c">1</marc:subfield>
         <marc:subfield code="i">30173000074145</marc:subfield>
         <marc:subfield code="d">2/22/2017</marc:subfield>
         <marc:subfield code="e">6/10/2015</marc:subfield>
         <marc:subfield code="f">2/22/2017</marc:subfield>
         <marc:subfield code="g">3</marc:subfield>
         <marc:subfield code="l">STACKS</marc:subfield>
         <marc:subfield code="m">DEGEN_ROOM</marc:subfield>
         <marc:subfield code="n">1</marc:subfield>
         <marc:subfield code="r">Y</marc:subfield>
         <marc:subfield code="s">Y</marc:subfield>
         <marc:subfield code="t">BOOK</marc:subfield>
         <marc:subfield code="u">4/16/2007</marc:subfield>
      </marc:datafield>
   </marc:record>