
   <marc:record>
      <marc:leader>01075cam a2200157   4500</marc:leader>
      <marc:controlfield tag="008">070416n1983                  000 0 eng u</marc:controlfield>
      <marc:datafield tag="245" ind1=" " ind2=" ">
         <marc:subfield code="a">Polish plays in translation : </marc:subfield>
         <marc:subfield code="b"> an annotated bibliography / </marc:subfield>
         <marc:subfield code="c"> compiled and edited by Daniel Gerould ... [et al.] ; prepared under auspices of the Institute for Contemporary East European Drama and Theatre of the Center for Advanced Study in Theatre Arts (CASTA).</marc:subfield>
      </marc:datafield>
      <marc:datafield tag="260" ind1=" " ind2=" ">
         <marc:subfield code="a">[New York] : </marc:subfield>
         <marc:subfield code="b"> CASTA, the Graduate School and University Center of the City University of New York, </marc:subfield>
         <marc:subfield code="c"> 1983.</marc:subfield>
      </marc:datafield>
      <marc:datafield tag="300" ind1=" " ind2=" ">
         <marc:subfield code="a">133 p. ; </marc:subfield>
         <marc:subfield code="c"> 28 cm.</marc:subfield>
      </marc:datafield>
      <marc:datafield tag="500" ind1=" " ind2=" ">
         <marc:subfield code="a">Includes index.</marc:subfield>
      </marc:datafield>
      <marc:datafield tag="650" ind1=" " ind2=" ">
         <marc:subfield code="a">Polish drama </marc:subfield>
         <marc:subfield code="y"> 20th century </marc:subfield>
         <marc:subfield code="x"> Translations into English </marc:subfield>
         <marc:subfield code="x"> Bibliography. </marc:subfield>
         <marc:subfield code="a"> English drama </marc:subfield>
         <marc:subfield code="x"> Translations from Polish </marc:subfield>
         <marc:subfield code="x"> Bibliography.</marc:subfield>
      </marc:datafield>
      <marc:datafield tag="700" ind1=" " ind2=" ">
         <marc:subfield code="a">Gerould, Daniel Charles, </marc:subfield>
         <marc:subfield code="d"> 1928-</marc:subfield>
      </marc:datafield>
      <marc:datafield tag="710" ind1=" " ind2=" ">
         <marc:subfield code="a">Center for Advanced Study in Theatre Arts. </marc:subfield>
         <marc:subfield code="b"> Institute for Contemporary East European Drama and Theatre.</marc:subfield>
      </marc:datafield>
      <marc:datafield tag="990" ind1=" " ind2=" ">
         <marc:subfield code="a">509</marc:subfield>
      </marc:datafield>
      <marc:datafield tag="999" ind1=" " ind2=" ">
         <marc:subfield code="a">Z2528 .D7 P640 1983</marc:subfield>
         <marc:subfield code="w">LC</marc:subfield>
         <marc:subfield code="c">1</marc:subfield>
         <marc:subfield code="i">30173000074178</marc:subfield>
         <marc:subfield code="d">2/11/2013</marc:subfield>
         <marc:subfield code="f">2/11/2013</marc:subfield>
         <marc:subfield code="g">3</marc:subfield>
         <marc:subfield code="l">STACKS</marc:subfield>
         <marc:subfield code="m">DEGEN_ROOM</marc:subfield>
         <marc:subfield code="r">Y</marc:subfield>
         <marc:subfield code="s">Y</marc:subfield>
         <marc:subfield code="t">BOOK</marc:subfield>
         <marc:subfield code="u">4/16/2007</marc:subfield>
      </marc:datafield>
   </marc:record>