
   <marc:record>
      <marc:leader>01247cam a2200205   4500</marc:leader>
      <marc:controlfield tag="008">070416n1998    nyu           000 0 eng d</marc:controlfield>
      <marc:datafield tag="020" ind1=" " ind2=" ">
         <marc:subfield code="a">1853260223</marc:subfield>
      </marc:datafield>
      <marc:datafield tag="100" ind1="1" ind2=" ">
         <marc:subfield code="a">Shakespeare, William, </marc:subfield>
         <marc:subfield code="d"> 1564-1616</marc:subfield>
      </marc:datafield>
      <marc:datafield tag="240" ind1=" " ind2=" ">
         <marc:subfield code="a">Julius Caesar</marc:subfield>
      </marc:datafield>
      <marc:datafield tag="245" ind1="1" ind2="4">
         <marc:subfield code="a">The tragedy of Julius Caesar : </marc:subfield>
         <marc:subfield code="b"> with new and updated critical essays and a revised bibliography / </marc:subfield>
         <marc:subfield code="c"> William Shakespeare ; edited by William and Barbara Rosen.</marc:subfield>
      </marc:datafield>
      <marc:datafield tag="260" ind1=" " ind2=" ">
         <marc:subfield code="a">New York : </marc:subfield>
         <marc:subfield code="b"> Signet Classic, </marc:subfield>
         <marc:subfield code="c"> c1998.</marc:subfield>
      </marc:datafield>
      <marc:datafield tag="300" ind1=" " ind2=" ">
         <marc:subfield code="a">92 p.</marc:subfield>
      </marc:datafield>
      <marc:datafield tag="600" ind1=" " ind2=" ">
         <marc:subfield code="a">Shakespeare, William, </marc:subfield>
         <marc:subfield code="d"> 1564-1616. </marc:subfield>
         <marc:subfield code="t"> Julius Caesar </marc:subfield>
         <marc:subfield code="a"> Shakespeare, William, </marc:subfield>
         <marc:subfield code="d"> 1564-1616. </marc:subfield>
         <marc:subfield code="t"> Julius Caesar </marc:subfield>
         <marc:subfield code="v"> Bibliography</marc:subfield>
      </marc:datafield>
      <marc:datafield tag="650" ind1=" " ind2=" ">
         <marc:subfield code="a">Heads of state </marc:subfield>
         <marc:subfield code="z"> Rome </marc:subfield>
         <marc:subfield code="v"> Drama. </marc:subfield>
         <marc:subfield code="a"> Generals </marc:subfield>
         <marc:subfield code="z"> Rome </marc:subfield>
         <marc:subfield code="v"> Drama.</marc:subfield>
      </marc:datafield>
      <marc:datafield tag="651" ind1=" " ind2=" ">
         <marc:subfield code="a">Rome </marc:subfield>
         <marc:subfield code="x"> History </marc:subfield>
         <marc:subfield code="y"> Republic, 265-30 B.C. </marc:subfield>
         <marc:subfield code="v"> Drama</marc:subfield>
      </marc:datafield>
      <marc:datafield tag="990" ind1=" " ind2=" ">
         <marc:subfield code="a">510</marc:subfield>
      </marc:datafield>
      <marc:datafield tag="999" ind1=" " ind2=" ">
         <marc:subfield code="a">PR 2808 .A2 D36 1992</marc:subfield>
         <marc:subfield code="w">LC</marc:subfield>
         <marc:subfield code="c">1</marc:subfield>
         <marc:subfield code="i">30173000074186</marc:subfield>
         <marc:subfield code="d">9/21/2010</marc:subfield>
         <marc:subfield code="f">9/21/2010</marc:subfield>
         <marc:subfield code="g">2</marc:subfield>
         <marc:subfield code="l">STACKS</marc:subfield>
         <marc:subfield code="m">DEGEN_ROOM</marc:subfield>
         <marc:subfield code="r">Y</marc:subfield>
         <marc:subfield code="s">Y</marc:subfield>
         <marc:subfield code="t">BOOK</marc:subfield>
         <marc:subfield code="u">4/16/2007</marc:subfield>
      </marc:datafield>
      <marc:datafield tag="999" ind1=" " ind2=" ">
         <marc:subfield code="a">PR 2808 .A2 D36 1992</marc:subfield>
         <marc:subfield code="w">LC</marc:subfield>
         <marc:subfield code="c">2</marc:subfield>
         <marc:subfield code="i">30173000106301</marc:subfield>
         <marc:subfield code="d">9/18/2014</marc:subfield>
         <marc:subfield code="e">8/26/2014</marc:subfield>
         <marc:subfield code="f">1/18/2011</marc:subfield>
         <marc:subfield code="g">1</marc:subfield>
         <marc:subfield code="l">STACKS</marc:subfield>
         <marc:subfield code="m">DEGEN_ROOM</marc:subfield>
         <marc:subfield code="n">1</marc:subfield>
         <marc:subfield code="r">Y</marc:subfield>
         <marc:subfield code="s">Y</marc:subfield>
         <marc:subfield code="t">BOOK</marc:subfield>
         <marc:subfield code="u">1/18/2011</marc:subfield>
         <marc:subfield code="o">.STAFF. Pencil throughout</marc:subfield>
      </marc:datafield>
      <marc:datafield tag="999" ind1=" " ind2=" ">
         <marc:subfield code="a">PR 2808 .A2 D36 1992</marc:subfield>
         <marc:subfield code="w">LC</marc:subfield>
         <marc:subfield code="c">3</marc:subfield>
         <marc:subfield code="i">30173000108117</marc:subfield>
         <marc:subfield code="d">12/12/2014</marc:subfield>
         <marc:subfield code="e">12/1/2014</marc:subfield>
         <marc:subfield code="f">1/18/2011</marc:subfield>
         <marc:subfield code="g">1</marc:subfield>
         <marc:subfield code="l">STACKS</marc:subfield>
         <marc:subfield code="m">DEGEN_ROOM</marc:subfield>
         <marc:subfield code="n">2</marc:subfield>
         <marc:subfield code="r">Y</marc:subfield>
         <marc:subfield code="s">Y</marc:subfield>
         <marc:subfield code="t">BOOK</marc:subfield>
         <marc:subfield code="u">1/18/2011</marc:subfield>
      </marc:datafield>
   </marc:record>