
   <marc:record>
      <marc:leader>00852cam a2200193   4500</marc:leader>
      <marc:controlfield tag="008">070416n                      000 0 eng u</marc:controlfield>
      <marc:datafield tag="020" ind1=" " ind2=" ">
         <marc:subfield code="a">1568651244</marc:subfield>
      </marc:datafield>
      <marc:datafield tag="100" ind1="1" ind2=" ">
         <marc:subfield code="a">Coates, Donald</marc:subfield>
      </marc:datafield>
      <marc:datafield tag="245" ind1=" " ind2=" ">
         <marc:subfield code="a">Lysistrata, 2411 A.D. /</marc:subfield>
         <marc:subfield code="c">written and conceived by Dale Calandra ; music and lyrics by Donald Coates</marc:subfield>
      </marc:datafield>
      <marc:datafield tag="250" ind1=" " ind2=" ">
         <marc:subfield code="a">Rev. version</marc:subfield>
      </marc:datafield>
      <marc:datafield tag="260" ind1=" " ind2=" ">
         <marc:subfield code="a">Garden City, N.Y. :</marc:subfield>
         <marc:subfield code="b">Fireside Theatre,</marc:subfield>
         <marc:subfield code="c">1990</marc:subfield>
      </marc:datafield>
      <marc:datafield tag="300" ind1=" " ind2=" ">
         <marc:subfield code="a">xvi, 111 p. ;</marc:subfield>
         <marc:subfield code="c">22 cm</marc:subfield>
      </marc:datafield>
      <marc:datafield tag="500" ind1=" " ind2=" ">
         <marc:subfield code="a">"Based on Aristophanes' Lysistrata." "The complete revised version opened at Center Theater, Chicago, Illinois on April 19, 1990"-- P. [v]</marc:subfield>
      </marc:datafield>
      <marc:datafield tag="650" ind1=" " ind2=" ">
         <marc:subfield code="a">Musicals</marc:subfield>
         <marc:subfield code="v">Librettos</marc:subfield>
      </marc:datafield>
      <marc:datafield tag="700" ind1=" " ind2=" ">
         <marc:subfield code="a">Calandra, Dale Aristophanes.</marc:subfield>
         <marc:subfield code="t">Lysistrata</marc:subfield>
      </marc:datafield>
      <marc:datafield tag="990" ind1=" " ind2=" ">
         <marc:subfield code="a">514</marc:subfield>
      </marc:datafield>
      <marc:datafield tag="999" ind1=" " ind2=" ">
         <marc:subfield code="a">ML 50 .C63 L97 1990</marc:subfield>
         <marc:subfield code="w">LC</marc:subfield>
         <marc:subfield code="c">1</marc:subfield>
         <marc:subfield code="i">30173000074244</marc:subfield>
         <marc:subfield code="d">10/1/2010</marc:subfield>
         <marc:subfield code="f">10/1/2010</marc:subfield>
         <marc:subfield code="g">2</marc:subfield>
         <marc:subfield code="l">STACKS</marc:subfield>
         <marc:subfield code="m">DEGEN_ROOM</marc:subfield>
         <marc:subfield code="r">Y</marc:subfield>
         <marc:subfield code="s">Y</marc:subfield>
         <marc:subfield code="t">BOOK</marc:subfield>
         <marc:subfield code="u">4/16/2007</marc:subfield>
      </marc:datafield>
   </marc:record>