
   <marc:record>
      <marc:leader>00698cam a2200181   4500</marc:leader>
      <marc:controlfield tag="008">070418n                      000 0 eng u</marc:controlfield>
      <marc:datafield tag="100" ind1="1" ind2=" ">
         <marc:subfield code="a"> Macy, John Albert, </marc:subfield>
         <marc:subfield code="d"> 1877-1932.</marc:subfield>
      </marc:datafield>
      <marc:datafield tag="245" ind1="1" ind2="4">
         <marc:subfield code="a"> The story of the world's literature / </marc:subfield>
         <marc:subfield code="c"> by John Macy.</marc:subfield>
      </marc:datafield>
      <marc:datafield tag="250" ind1=" " ind2=" ">
         <marc:subfield code="a"> Rev.</marc:subfield>
      </marc:datafield>
      <marc:datafield tag="260" ind1=" " ind2=" ">
         <marc:subfield code="a"> New York : </marc:subfield>
         <marc:subfield code="b"> Garden City publishing co., inc. </marc:subfield>
         <marc:subfield code="c"> [1932]</marc:subfield>
      </marc:datafield>
      <marc:datafield tag="300" ind1=" " ind2=" ">
         <marc:subfield code="a"> xxiv, 613 p. : </marc:subfield>
         <marc:subfield code="b"> ill. ; </marc:subfield>
         <marc:subfield code="c"> 22 cm.</marc:subfield>
      </marc:datafield>
      <marc:datafield tag="500" ind1=" " ind2=" ">
         <marc:subfield code="a"> Includes index.</marc:subfield>
      </marc:datafield>
      <marc:datafield tag="650" ind1=" " ind2=" ">
         <marc:subfield code="a"> Literature </marc:subfield>
         <marc:subfield code="x"> History and criticism.</marc:subfield>
      </marc:datafield>
      <marc:datafield tag="700" ind1=" " ind2=" ">
         <marc:subfield code="a"> Ruotolo, Onorio, </marc:subfield>
         <marc:subfield code="d"> 1888-</marc:subfield>
      </marc:datafield>
      <marc:datafield tag="990" ind1=" " ind2=" ">
         <marc:subfield code="a">518</marc:subfield>
      </marc:datafield>
      <marc:datafield tag="999" ind1=" " ind2=" ">
         <marc:subfield code="a">PN 451 .M3 1932</marc:subfield>
         <marc:subfield code="w">LC</marc:subfield>
         <marc:subfield code="c">1</marc:subfield>
         <marc:subfield code="i">30173000074285</marc:subfield>
         <marc:subfield code="d">4/18/2017</marc:subfield>
         <marc:subfield code="f">4/18/2017</marc:subfield>
         <marc:subfield code="g">3</marc:subfield>
         <marc:subfield code="l">STACKS</marc:subfield>
         <marc:subfield code="m">DEGEN_ROOM</marc:subfield>
         <marc:subfield code="r">Y</marc:subfield>
         <marc:subfield code="s">Y</marc:subfield>
         <marc:subfield code="t">BOOK</marc:subfield>
         <marc:subfield code="u">4/18/2007</marc:subfield>
      </marc:datafield>
   </marc:record>