
   <marc:record>
      <marc:leader>01066cam a2200145   4500</marc:leader>
      <marc:controlfield tag="008">070418n                      000 0 eng u</marc:controlfield>
      <marc:datafield tag="100" ind1="1" ind2=" ">
         <marc:subfield code="a"> Clark, Barrett Harper, </marc:subfield>
         <marc:subfield code="d"> 1890-1953.</marc:subfield>
      </marc:datafield>
      <marc:datafield tag="245" ind1=" " ind2=" ">
         <marc:subfield code="a"> World drama; </marc:subfield>
         <marc:subfield code="b"> an anthology.</marc:subfield>
      </marc:datafield>
      <marc:datafield tag="260" ind1=" " ind2=" ">
         <marc:subfield code="a"> [New York] </marc:subfield>
         <marc:subfield code="b"> Dover Publications </marc:subfield>
         <marc:subfield code="c"> [1956? c1933]</marc:subfield>
      </marc:datafield>
      <marc:datafield tag="300" ind1=" " ind2=" ">
         <marc:subfield code="a"> 2 v. </marc:subfield>
         <marc:subfield code="c"> 21 cm.</marc:subfield>
      </marc:datafield>
      <marc:datafield tag="505" ind1=" " ind2=" ">
         <marc:subfield code="a"> Prometheus Bound, Antigone, Alcestis, The Clouds, The Captives, Phormio, Medea, Sakoontalia, The Chalk Circle, Abstraction, Nakamitsu, Fair Ladies at a Game of Poem-Cards, Adam, The Wise Virgins and The Foolish, The Second Shepherds' Play,  The Farce of the Worhty ZMaster Pierre Patelin, Everyman, The Wandering Scholar from Paradise, The play of St. George, The Tragical History of Dr. Faustus Every Man in His Humor, A woman Killed with Kindness, The Maid's Tragedy, The Beaux- Stratagem, She Stoops to Conquer, The School for Scandal</marc:subfield>
      </marc:datafield>
      <marc:datafield tag="650" ind1=" " ind2=" ">
         <marc:subfield code="a"> Drama </marc:subfield>
         <marc:subfield code="v"> Collections.</marc:subfield>
      </marc:datafield>
      <marc:datafield tag="990" ind1=" " ind2=" ">
         <marc:subfield code="a">519</marc:subfield>
      </marc:datafield>
      <marc:datafield tag="999" ind1=" " ind2=" ">
         <marc:subfield code="a">PN 6111 .C5 1956</marc:subfield>
         <marc:subfield code="w">LC</marc:subfield>
         <marc:subfield code="c">1</marc:subfield>
         <marc:subfield code="i">30173000074301</marc:subfield>
         <marc:subfield code="d">10/16/2010</marc:subfield>
         <marc:subfield code="f">10/16/2010</marc:subfield>
         <marc:subfield code="g">2</marc:subfield>
         <marc:subfield code="l">STACKS</marc:subfield>
         <marc:subfield code="m">DEGEN_ROOM</marc:subfield>
         <marc:subfield code="r">Y</marc:subfield>
         <marc:subfield code="s">Y</marc:subfield>
         <marc:subfield code="t">BOOK</marc:subfield>
         <marc:subfield code="u">4/18/2007</marc:subfield>
      </marc:datafield>
   </marc:record>