
   <marc:record>
      <marc:leader>00853cam a2200157   4500</marc:leader>
      <marc:controlfield tag="008">070418n                      000 0 eng u</marc:controlfield>
      <marc:datafield tag="100" ind1="1" ind2=" ">
         <marc:subfield code="a">Rand, Ayn.</marc:subfield>
      </marc:datafield>
      <marc:datafield tag="245" ind1=" " ind2=" ">
         <marc:subfield code="a">Night of January 16th :</marc:subfield>
         <marc:subfield code="b">a play /</marc:subfield>
         <marc:subfield code="c">by Ayn Rand.</marc:subfield>
      </marc:datafield>
      <marc:datafield tag="260" ind1=" " ind2=" ">
         <marc:subfield code="a">New York :</marc:subfield>
         <marc:subfield code="b">Penguin,</marc:subfield>
         <marc:subfield code="c">c1968.</marc:subfield>
      </marc:datafield>
      <marc:datafield tag="300" ind1=" " ind2=" ">
         <marc:subfield code="a">122 p. ;</marc:subfield>
         <marc:subfield code="c">21 cm.</marc:subfield>
      </marc:datafield>
      <marc:datafield tag="500" ind1=" " ind2=" ">
         <marc:subfield code="a">"A Player's book."</marc:subfield>
      </marc:datafield>
      <marc:datafield tag="520" ind1=" " ind2=" ">
         <marc:subfield code="a">Night of January 16th leaves the answers to the mystery of an international magnate's death up to the reader. The play is a gripping drama about the rise and destruction of a brilliant and ruthless man, the suspense never letting up for a moment.</marc:subfield>
      </marc:datafield>
      <marc:datafield tag="650" ind1=" " ind2=" ">
         <marc:subfield code="a">American drama</marc:subfield>
         <marc:subfield code="y">20th century. Business</marc:subfield>
         <marc:subfield code="v">Drama</marc:subfield>
         <marc:subfield code="y">20th century. Objectivism (Philosophy)</marc:subfield>
         <marc:subfield code="v">Drama.</marc:subfield>
      </marc:datafield>
      <marc:datafield tag="990" ind1=" " ind2=" ">
         <marc:subfield code="a">520</marc:subfield>
      </marc:datafield>
      <marc:datafield tag="999" ind1=" " ind2=" ">
         <marc:subfield code="a">PS 3535 .A547 N5 1968</marc:subfield>
         <marc:subfield code="w">LC</marc:subfield>
         <marc:subfield code="c">1</marc:subfield>
         <marc:subfield code="i">30173000074319</marc:subfield>
         <marc:subfield code="d">9/27/2010</marc:subfield>
         <marc:subfield code="f">9/27/2010</marc:subfield>
         <marc:subfield code="g">2</marc:subfield>
         <marc:subfield code="l">STACKS</marc:subfield>
         <marc:subfield code="m">DEGEN_ROOM</marc:subfield>
         <marc:subfield code="r">Y</marc:subfield>
         <marc:subfield code="s">Y</marc:subfield>
         <marc:subfield code="t">BOOK</marc:subfield>
         <marc:subfield code="u">4/18/2007</marc:subfield>
      </marc:datafield>
   </marc:record>