
   <marc:record>
      <marc:leader>00534cam a2200133   4500</marc:leader>
      <marc:controlfield tag="008">070418n                      000 0 eng u</marc:controlfield>
      <marc:datafield tag="100" ind1="1" ind2=" ">
         <marc:subfield code="a">Slonim, Marc,</marc:subfield>
         <marc:subfield code="d">1894-</marc:subfield>
      </marc:datafield>
      <marc:datafield tag="245" ind1=" " ind2=" ">
         <marc:subfield code="a">Russian theater, from the Empire to the Soviets.</marc:subfield>
      </marc:datafield>
      <marc:datafield tag="260" ind1=" " ind2=" ">
         <marc:subfield code="a">Cleveland,</marc:subfield>
         <marc:subfield code="b">World Pub. Co.</marc:subfield>
         <marc:subfield code="c">[1961]</marc:subfield>
      </marc:datafield>
      <marc:datafield tag="300" ind1=" " ind2=" ">
         <marc:subfield code="a">382 p.</marc:subfield>
      </marc:datafield>
      <marc:datafield tag="650" ind1=" " ind2=" ">
         <marc:subfield code="a">Theater</marc:subfield>
         <marc:subfield code="z">Soviet Union</marc:subfield>
         <marc:subfield code="x">History.Drama</marc:subfield>
         <marc:subfield code="x">History and criticism.Opera</marc:subfield>
         <marc:subfield code="z">Soviet Union.</marc:subfield>
      </marc:datafield>
      <marc:datafield tag="990" ind1=" " ind2=" ">
         <marc:subfield code="a">522</marc:subfield>
      </marc:datafield>
      <marc:datafield tag="999" ind1=" " ind2=" ">
         <marc:subfield code="a">PN 2721 .S55</marc:subfield>
         <marc:subfield code="w">LC</marc:subfield>
         <marc:subfield code="c">1</marc:subfield>
         <marc:subfield code="i">30173000074335</marc:subfield>
         <marc:subfield code="d">10/16/2010</marc:subfield>
         <marc:subfield code="f">10/16/2010</marc:subfield>
         <marc:subfield code="g">2</marc:subfield>
         <marc:subfield code="l">STACKS</marc:subfield>
         <marc:subfield code="m">DEGEN_ROOM</marc:subfield>
         <marc:subfield code="r">Y</marc:subfield>
         <marc:subfield code="s">Y</marc:subfield>
         <marc:subfield code="t">BOOK</marc:subfield>
         <marc:subfield code="u">4/18/2007</marc:subfield>
      </marc:datafield>
   </marc:record>