
   <marc:record>
      <marc:leader>01323cam a2200157   4500</marc:leader>
      <marc:controlfield tag="008">070418n                      000 0 eng u</marc:controlfield>
      <marc:datafield tag="245" ind1=" " ind2=" ">
         <marc:subfield code="a">7 arts # two / </marc:subfield>
         <marc:subfield code="c"> selected and edited by Fernando Puma.</marc:subfield>
      </marc:datafield>
      <marc:datafield tag="260" ind1=" " ind2=" ">
         <marc:subfield code="a">Garden City, N.Y. : </marc:subfield>
         <marc:subfield code="b"> Permabooks, </marc:subfield>
         <marc:subfield code="c"> c1954.</marc:subfield>
      </marc:datafield>
      <marc:datafield tag="300" ind1=" " ind2=" ">
         <marc:subfield code="a">196 p., [48] p. of plates : </marc:subfield>
         <marc:subfield code="b"> ill. ; </marc:subfield>
         <marc:subfield code="c"> 19 cm.</marc:subfield>
      </marc:datafield>
      <marc:datafield tag="500" ind1=" " ind2=" ">
         <marc:subfield code="a">Cover title: 7 arts # 2. With original contributions by: Sean O'Casey, Leonard Bernstein, Herbert Read, Wallace Stevens, Katherine Dunham, Walter Gropius, Fernando Puma, Mark Van Doren, William Carlos Williams, Sidney Delevante.</marc:subfield>
      </marc:datafield>
      <marc:datafield tag="590" ind1=" " ind2=" ">
         <marc:subfield code="a">Original paperback.</marc:subfield>
      </marc:datafield>
      <marc:datafield tag="650" ind1=" " ind2=" ">
         <marc:subfield code="a">Arts.</marc:subfield>
      </marc:datafield>
      <marc:datafield tag="700" ind1=" " ind2=" ">
         <marc:subfield code="a">Bernstein, Leonard, </marc:subfield>
         <marc:subfield code="d"> 1918-1990. </marc:subfield>
         <marc:subfield code="4"> prf </marc:subfield>
         <marc:subfield code="t"> Why Beethoven? </marc:subfield>
         <marc:subfield code="a"> Delevante, Sidney. </marc:subfield>
         <marc:subfield code="t"> jan.</marc:subfield>
         <marc:subfield code="a"> Dunham, Katherine. </marc:subfield>
         <marc:subfield code="t"> Notes on the dance.</marc:subfield>
         <marc:subfield code="a"> Gropius, Walter, </marc:subfield>
         <marc:subfield code="d"> 1883-1969. </marc:subfield>
         <marc:subfield code="t"> Architecture and design in the age of science.</marc:subfield>
         <marc:subfield code="a"> O'Casey, Sean, </marc:subfield>
         <marc:subfield code="d"> 1880-1964. </marc:subfield>
         <marc:subfield code="t"> Arts among the multitude.</marc:subfield>
         <marc:subfield code="a"> Puma, Fernando, </marc:subfield>
         <marc:subfield code="d"> 1915-</marc:subfield>
         <marc:subfield code="a"> Read, Herbert Edward, </marc:subfield>
         <marc:subfield code="c"> Sir, </marc:subfield>
         <marc:subfield code="d"> 1893-1968. </marc:subfield>
         <marc:subfield code="t"> Realist heresy.</marc:subfield>
         <marc:subfield code="a"> Stevens, Wallace, </marc:subfield>
         <marc:subfield code="d"> 1879-1955. </marc:subfield>
         <marc:subfield code="t"> Dove in spring.</marc:subfield>
         <marc:subfield code="a"> Van Doren, Mark, </marc:subfield>
         <marc:subfield code="d"> 1894-1972. </marc:subfield>
         <marc:subfield code="t"> Artist and the changing.</marc:subfield>
         <marc:subfield code="a"> Williams, William Carlos, </marc:subfield>
         <marc:subfield code="d"> 1883-1963. </marc:subfield>
         <marc:subfield code="t"> Garden.</marc:subfield>
      </marc:datafield>
      <marc:datafield tag="990" ind1=" " ind2=" ">
         <marc:subfield code="a">523</marc:subfield>
      </marc:datafield>
      <marc:datafield tag="999" ind1=" " ind2=" ">
         <marc:subfield code="a">N 7443.2 .S48 1954</marc:subfield>
         <marc:subfield code="w">LC</marc:subfield>
         <marc:subfield code="c">1</marc:subfield>
         <marc:subfield code="i">30173000074343</marc:subfield>
         <marc:subfield code="d">10/4/2010</marc:subfield>
         <marc:subfield code="f">10/4/2010</marc:subfield>
         <marc:subfield code="g">2</marc:subfield>
         <marc:subfield code="l">STACKS</marc:subfield>
         <marc:subfield code="m">DEGEN_ROOM</marc:subfield>
         <marc:subfield code="r">N</marc:subfield>
         <marc:subfield code="s">Y</marc:subfield>
         <marc:subfield code="t">BOOK</marc:subfield>
         <marc:subfield code="u">4/18/2007</marc:subfield>
      </marc:datafield>
   </marc:record>