
   <marc:record>
      <marc:leader>00718cam a2200145   4500</marc:leader>
      <marc:controlfield tag="008">070418n1971                  000 0 eng u</marc:controlfield>
      <marc:datafield tag="245" ind1=" " ind2=" ">
         <marc:subfield code="a">Socialist realism in literature and art; </marc:subfield>
         <marc:subfield code="b"> a collection of articles. </marc:subfield>
         <marc:subfield code="c"> [Compiled with pref. by M. Parkhomenko and A. Miasnikov. Translated from the Russian by C. V. James]</marc:subfield>
      </marc:datafield>
      <marc:datafield tag="260" ind1=" " ind2=" ">
         <marc:subfield code="a">Moscow, </marc:subfield>
         <marc:subfield code="b"> Progress Publishers </marc:subfield>
         <marc:subfield code="c"> [1971]</marc:subfield>
      </marc:datafield>
      <marc:datafield tag="300" ind1=" " ind2=" ">
         <marc:subfield code="a">250 p. </marc:subfield>
         <marc:subfield code="c"> 21 cm.</marc:subfield>
      </marc:datafield>
      <marc:datafield tag="650" ind1=" " ind2=" ">
         <marc:subfield code="a">Communism and art </marc:subfield>
         <marc:subfield code="a"> Communism and literature</marc:subfield>
      </marc:datafield>
      <marc:datafield tag="700" ind1=" " ind2=" ">
         <marc:subfield code="a">Parkhomenko, Mikhail Nikitich. </marc:subfield>
         <marc:subfield code="a"> Miasnikov, Aleksandr Sergeevich.</marc:subfield>
      </marc:datafield>
      <marc:datafield tag="990" ind1=" " ind2=" ">
         <marc:subfield code="a">524</marc:subfield>
      </marc:datafield>
      <marc:datafield tag="999" ind1=" " ind2=" ">
         <marc:subfield code="a">HX521 .S613</marc:subfield>
         <marc:subfield code="w">LC</marc:subfield>
         <marc:subfield code="c">1</marc:subfield>
         <marc:subfield code="i">30173000074350</marc:subfield>
         <marc:subfield code="d">1/30/2017</marc:subfield>
         <marc:subfield code="f">1/30/2017</marc:subfield>
         <marc:subfield code="g">3</marc:subfield>
         <marc:subfield code="l">STACKS</marc:subfield>
         <marc:subfield code="m">DEGEN_ROOM</marc:subfield>
         <marc:subfield code="r">Y</marc:subfield>
         <marc:subfield code="s">Y</marc:subfield>
         <marc:subfield code="t">BOOK</marc:subfield>
         <marc:subfield code="u">4/18/2007</marc:subfield>
      </marc:datafield>
   </marc:record>