
   <marc:record>
      <marc:leader>00918cam a2200181   4500</marc:leader>
      <marc:controlfield tag="008">070418s1954    nyu           000 0 eng d</marc:controlfield>
      <marc:datafield tag="020" ind1=" " ind2=" ">
         <marc:subfield code="a">0573689113</marc:subfield>
      </marc:datafield>
      <marc:datafield tag="100" ind1="1" ind2=" ">
         <marc:subfield code="a">Gay, Noel.</marc:subfield>
      </marc:datafield>
      <marc:datafield tag="245" ind1=" " ind2=" ">
         <marc:subfield code="a">Me and my girl : </marc:subfield>
         <marc:subfield code="b"> a musical play / </marc:subfield>
         <marc:subfield code="c"> book and lyrics by L. Arthur Rose and Douglas Furber ; music by Noel Gay ; book revised by Stephen Fry ; contributions to revisions by Mike Ockrent.</marc:subfield>
      </marc:datafield>
      <marc:datafield tag="260" ind1=" " ind2=" ">
         <marc:subfield code="a">London : </marc:subfield>
         <marc:subfield code="b"> Samuel French, </marc:subfield>
         <marc:subfield code="c"> c1954.</marc:subfield>
      </marc:datafield>
      <marc:datafield tag="300" ind1=" " ind2=" ">
         <marc:subfield code="a">79 p. ; </marc:subfield>
         <marc:subfield code="c"> 22 cm.</marc:subfield>
      </marc:datafield>
      <marc:datafield tag="650" ind1=" " ind2=" ">
         <marc:subfield code="a">Musicals </marc:subfield>
         <marc:subfield code="x"> Librettos.</marc:subfield>
      </marc:datafield>
      <marc:datafield tag="700" ind1=" " ind2=" ">
         <marc:subfield code="a">Rose, L. Arthur.</marc:subfield>
         <marc:subfield code="a"> Furber, Douglas.</marc:subfield>
         <marc:subfield code="a"> Fry, Stephen, </marc:subfield>
         <marc:subfield code="d"> 1957-</marc:subfield>
      </marc:datafield>
      <marc:datafield tag="990" ind1=" " ind2=" ">
         <marc:subfield code="a">529</marc:subfield>
      </marc:datafield>
      <marc:datafield tag="999" ind1=" " ind2=" ">
         <marc:subfield code="a">ML50.A717 </marc:subfield>
         <marc:subfield code="B"> M4 1954</marc:subfield>
         <marc:subfield code="w">LC</marc:subfield>
         <marc:subfield code="c">1</marc:subfield>
         <marc:subfield code="i">30173000074418</marc:subfield>
         <marc:subfield code="d">2/14/2012</marc:subfield>
         <marc:subfield code="e">2/13/2012</marc:subfield>
         <marc:subfield code="f">11/9/2010</marc:subfield>
         <marc:subfield code="g">3</marc:subfield>
         <marc:subfield code="l">STACKS</marc:subfield>
         <marc:subfield code="m">DEGEN_ROOM</marc:subfield>
         <marc:subfield code="n">1</marc:subfield>
         <marc:subfield code="r">Y</marc:subfield>
         <marc:subfield code="s">Y</marc:subfield>
         <marc:subfield code="t">BOOK</marc:subfield>
         <marc:subfield code="u">4/18/2007</marc:subfield>
      </marc:datafield>
      <marc:datafield tag="999" ind1=" " ind2=" ">
         <marc:subfield code="a">ML50.A717 </marc:subfield>
         <marc:subfield code="B"> M4 1954</marc:subfield>
         <marc:subfield code="w">LC</marc:subfield>
         <marc:subfield code="c">2</marc:subfield>
         <marc:subfield code="i">30173000102961</marc:subfield>
         <marc:subfield code="d">11/9/2010</marc:subfield>
         <marc:subfield code="f">11/9/2010</marc:subfield>
         <marc:subfield code="g">1</marc:subfield>
         <marc:subfield code="l">STACKS</marc:subfield>
         <marc:subfield code="m">DEGEN_ROOM</marc:subfield>
         <marc:subfield code="r">Y</marc:subfield>
         <marc:subfield code="s">Y</marc:subfield>
         <marc:subfield code="t">BOOK</marc:subfield>
         <marc:subfield code="u">11/8/2010</marc:subfield>
      </marc:datafield>
   </marc:record>