
   <marc:record>
      <marc:leader>00843cam a2200217 a 4500</marc:leader>
      <marc:controlfield tag="005">20021129151054.0</marc:controlfield>
      <marc:controlfield tag="008">970211m19989999nhu           000 0 eng  </marc:controlfield>
      <marc:datafield tag="010" ind1=" " ind2=" ">
         <marc:subfield code="a">   97007665</marc:subfield>
      </marc:datafield>
      <marc:datafield tag="020" ind1=" " ind2=" ">
         <marc:subfield code="a">1575250292 (pbk. : v. 1)</marc:subfield>
      </marc:datafield>
      <marc:datafield tag="100" ind1="1" ind2=" ">
         <marc:subfield code="a">Norman, Marsha.</marc:subfield>
      </marc:datafield>
      <marc:datafield tag="240" ind1="1" ind2="0">
         <marc:subfield code="a">Plays.</marc:subfield>
         <marc:subfield code="k">Selections</marc:subfield>
      </marc:datafield>
      <marc:datafield tag="245" ind1="1" ind2="0">
         <marc:subfield code="a">Collected plays /</marc:subfield>
         <marc:subfield code="c">Marsha Norman.</marc:subfield>
      </marc:datafield>
      <marc:datafield tag="250" ind1=" " ind2=" ">
         <marc:subfield code="a">1st ed.</marc:subfield>
      </marc:datafield>
      <marc:datafield tag="260" ind1=" " ind2=" ">
         <marc:subfield code="a">Lyme, NH :</marc:subfield>
         <marc:subfield code="b">Smith &amp; Kraus,</marc:subfield>
         <marc:subfield code="c">1998-</marc:subfield>
      </marc:datafield>
      <marc:datafield tag="300" ind1=" " ind2=" ">
         <marc:subfield code="a">v. &lt;1    &gt; ;</marc:subfield>
         <marc:subfield code="c">22 cm.</marc:subfield>
      </marc:datafield>
      <marc:datafield tag="440" ind1=" " ind2="0">
         <marc:subfield code="a">Contemporary playwrights series</marc:subfield>
      </marc:datafield>
      <marc:datafield tag="505" ind1=" " ind2=" ">
         <marc:subfield code="a">Getting Out, Third and Oak, Cirus Valentine, The Holdup, Traveler in the Dark, Sarah and Abraham, Loving Daniel Boone, Three Speeches</marc:subfield>
      </marc:datafield>
      <marc:datafield tag="990" ind1=" " ind2=" ">
         <marc:subfield code="a">530</marc:subfield>
      </marc:datafield>
      <marc:datafield tag="999" ind1=" " ind2=" ">
         <marc:subfield code="a">PS3564.O623 A6 1998</marc:subfield>
         <marc:subfield code="w">DEWEY</marc:subfield>
         <marc:subfield code="c">1</marc:subfield>
         <marc:subfield code="i">30173000074426</marc:subfield>
         <marc:subfield code="d">9/30/2015</marc:subfield>
         <marc:subfield code="e">9/16/2015</marc:subfield>
         <marc:subfield code="f">9/29/2010</marc:subfield>
         <marc:subfield code="g">2</marc:subfield>
         <marc:subfield code="l">STACKS</marc:subfield>
         <marc:subfield code="m">DEGEN_ROOM</marc:subfield>
         <marc:subfield code="n">9</marc:subfield>
         <marc:subfield code="r">Y</marc:subfield>
         <marc:subfield code="s">Y</marc:subfield>
         <marc:subfield code="t">BOOK</marc:subfield>
         <marc:subfield code="u">4/19/2007</marc:subfield>
      </marc:datafield>
   </marc:record>