
   <marc:record>
      <marc:leader>00555cam a2200133   4500</marc:leader>
      <marc:controlfield tag="008">070420n                      000 0 eng u</marc:controlfield>
      <marc:datafield tag="100" ind1="1" ind2=" ">
         <marc:subfield code="a">Lucas, F. L. </marc:subfield>
         <marc:subfield code="q"> (Frank Laurence), </marc:subfield>
         <marc:subfield code="d"> 1894-1967</marc:subfield>
      </marc:datafield>
      <marc:datafield tag="245" ind1="1" ind2="4">
         <marc:subfield code="a">The drama of Ibsen and Strindberg.</marc:subfield>
      </marc:datafield>
      <marc:datafield tag="260" ind1=" " ind2=" ">
         <marc:subfield code="a">London, </marc:subfield>
         <marc:subfield code="b"> Cassell </marc:subfield>
         <marc:subfield code="c"> [1962]]</marc:subfield>
      </marc:datafield>
      <marc:datafield tag="300" ind1=" " ind2=" ">
         <marc:subfield code="a">484 p. </marc:subfield>
         <marc:subfield code="b"> illus. </marc:subfield>
         <marc:subfield code="c"> 23 cm</marc:subfield>
      </marc:datafield>
      <marc:datafield tag="600" ind1=" " ind2=" ">
         <marc:subfield code="a">Ibsen, Henrik, </marc:subfield>
         <marc:subfield code="d"> 1828-1906.</marc:subfield>
         <marc:subfield code="a"> Strindberg, August, </marc:subfield>
         <marc:subfield code="d"> 1849-1912.</marc:subfield>
      </marc:datafield>
      <marc:datafield tag="990" ind1=" " ind2=" ">
         <marc:subfield code="a">536</marc:subfield>
      </marc:datafield>
      <marc:datafield tag="999" ind1=" " ind2=" ">
         <marc:subfield code="a">PT8890 .L78 1962A</marc:subfield>
         <marc:subfield code="w">LC</marc:subfield>
         <marc:subfield code="c">1</marc:subfield>
         <marc:subfield code="i">30173000074632</marc:subfield>
         <marc:subfield code="d">2/11/2013</marc:subfield>
         <marc:subfield code="f">2/11/2013</marc:subfield>
         <marc:subfield code="g">3</marc:subfield>
         <marc:subfield code="l">STACKS</marc:subfield>
         <marc:subfield code="m">DEGEN_ROOM</marc:subfield>
         <marc:subfield code="r">Y</marc:subfield>
         <marc:subfield code="s">Y</marc:subfield>
         <marc:subfield code="t">BOOK</marc:subfield>
         <marc:subfield code="u">4/20/2007</marc:subfield>
      </marc:datafield>
   </marc:record>