
   <marc:record>
      <marc:leader>00786cam a2200169   4500</marc:leader>
      <marc:controlfield tag="008">070420n                      000 0 eng u</marc:controlfield>
      <marc:datafield tag="100" ind1="1" ind2=" ">
         <marc:subfield code="a"> Witkiewicz, Stanisaw, </marc:subfield>
         <marc:subfield code="d"> 1851-1915.</marc:subfield>
      </marc:datafield>
      <marc:datafield tag="245" ind1=" " ind2=" ">
         <marc:subfield code="a"> Listy do syna / </marc:subfield>
         <marc:subfield code="c"> Stanisaw Witkiewicz ; opracoway Bozena Danek-Wojnowska i Anna Micinska.</marc:subfield>
      </marc:datafield>
      <marc:datafield tag="260" ind1=" " ind2=" ">
         <marc:subfield code="a"> Warszawa : </marc:subfield>
         <marc:subfield code="b"> Panstwowy Instytut Wydawniczy, </marc:subfield>
         <marc:subfield code="c"> 1969.</marc:subfield>
      </marc:datafield>
      <marc:datafield tag="300" ind1=" " ind2=" ">
         <marc:subfield code="a">a 835 p., 92 p. of plates : </marc:subfield>
         <marc:subfield code="b"> ill., facsims., ports. ; </marc:subfield>
         <marc:subfield code="c"> 22 cm.</marc:subfield>
      </marc:datafield>
      <marc:datafield tag="500" ind1=" " ind2=" ">
         <marc:subfield code="a"> Includes index.</marc:subfield>
      </marc:datafield>
      <marc:datafield tag="600" ind1=" " ind2=" ">
         <marc:subfield code="a"> Witkiewicz, Stanisaw, </marc:subfield>
         <marc:subfield code="d"> 1851-1915 </marc:subfield>
         <marc:subfield code="v"> Correspondence</marc:subfield>
      </marc:datafield>
      <marc:datafield tag="700" ind1=" " ind2=" ">
         <marc:subfield code="a"> Danek-Wojnowska, Bozena.</marc:subfield>
         <marc:subfield code="a"> Micinska, Anna.</marc:subfield>
      </marc:datafield>
      <marc:datafield tag="990" ind1=" " ind2=" ">
         <marc:subfield code="a">537</marc:subfield>
      </marc:datafield>
      <marc:datafield tag="999" ind1=" " ind2=" ">
         <marc:subfield code="a">PG7158.W53 Z497</marc:subfield>
         <marc:subfield code="w">LC</marc:subfield>
         <marc:subfield code="c">1</marc:subfield>
         <marc:subfield code="i">30173000074640</marc:subfield>
         <marc:subfield code="d">4/18/2017</marc:subfield>
         <marc:subfield code="f">4/18/2017</marc:subfield>
         <marc:subfield code="g">3</marc:subfield>
         <marc:subfield code="l">STACKS</marc:subfield>
         <marc:subfield code="m">DEGEN_ROOM</marc:subfield>
         <marc:subfield code="r">Y</marc:subfield>
         <marc:subfield code="s">Y</marc:subfield>
         <marc:subfield code="t">BOOK</marc:subfield>
         <marc:subfield code="u">4/20/2007</marc:subfield>
      </marc:datafield>
   </marc:record>