
   <marc:record>
      <marc:leader>01908cam a22002771i 4500</marc:leader>
      <marc:controlfield tag="005">20050906124330.0</marc:controlfield>
      <marc:controlfield tag="008">760517s1948    nyuaf         000 0 engs </marc:controlfield>
      <marc:datafield tag="010" ind1=" " ind2=" ">
         <marc:subfield code="a">   49007038</marc:subfield>
      </marc:datafield>
      <marc:datafield tag="042" ind1=" " ind2=" ">
         <marc:subfield code="a">premarc</marc:subfield>
      </marc:datafield>
      <marc:datafield tag="082" ind1=" " ind2=" ">
         <marc:subfield code="a">808.82</marc:subfield>
      </marc:datafield>
      <marc:datafield tag="245" ind1="0" ind2="0">
         <marc:subfield code="a">Twenty-five modern plays /</marc:subfield>
         <marc:subfield code="c">edited by S. Marion Tucker.</marc:subfield>
      </marc:datafield>
      <marc:datafield tag="250" ind1=" " ind2=" ">
         <marc:subfield code="a">Rev. ed. /</marc:subfield>
         <marc:subfield code="b">by Alan S. Downer.</marc:subfield>
      </marc:datafield>
      <marc:datafield tag="260" ind1=" " ind2=" ">
         <marc:subfield code="a">New York :</marc:subfield>
         <marc:subfield code="b">Harper,</marc:subfield>
         <marc:subfield code="c">[1948]</marc:subfield>
      </marc:datafield>
      <marc:datafield tag="300" ind1=" " ind2=" ">
         <marc:subfield code="a">xx, 1009 p., [7] leaves of plates :</marc:subfield>
         <marc:subfield code="b">ill. ;</marc:subfield>
         <marc:subfield code="c">25 cm.</marc:subfield>
      </marc:datafield>
      <marc:datafield tag="500" ind1=" " ind2=" ">
         <marc:subfield code="a">"A list of suggested readings": p. 1005-1009.</marc:subfield>
      </marc:datafield>
      <marc:datafield tag="505" ind1="0" ind2=" ">
         <marc:subfield code="a">Rosmersholm / H. Ibsen. -- Comrades / A. Strindberg. -- Pelleas and Melisande / M. Maeterlinck. -- Light-o'love / A. Schnitzler. -- The importance of being Earnest / O. Wilde. -- Cyrano de Bergerac / E. Rostand. -- The lower depths / M. Gorky. -- The cherry orchard / A. Chekhov. -- Riders to the sea / J. M. Synge. -- The thunderbolt / A. W. Pinero. -- Liliom / F. Molnar. -- The rats / G. Hauptmann. -- La Malquerida (The Passion Flower) / J. Benavente. -- He who gets slapped / L. Andreyev. -- John Ferguson / St. J. Ervine. -- The coral; Gas, pt. I; Gas, pt. II / G. Kaiser. -- R. U. R. / K. Capek. -- The silver cord / S. Howard. -- The plough and the stars / S. O'Casey. -- The great god Brown / E. O'Neill. -- The field god / P. Green. -- Roadside / L. Riggs. -- The infernal machine / J. Cocteau. -- The ascent of F6 / W. H. Auden and C. Isherwood. -- Command decision / W. W. Haines.</marc:subfield>
      </marc:datafield>
      <marc:datafield tag="650" ind1=" " ind2="0">
         <marc:subfield code="a">Drama</marc:subfield>
         <marc:subfield code="x">Collections.</marc:subfield>
      </marc:datafield>
      <marc:datafield tag="700" ind1="1" ind2=" ">
         <marc:subfield code="a">Tucker, Samuel Marion,</marc:subfield>
         <marc:subfield code="d">1876-</marc:subfield>
         <marc:subfield code="e">ed.</marc:subfield>
      </marc:datafield>
      <marc:datafield tag="700" ind1="1" ind2=" ">
         <marc:subfield code="a">Downer, Alan Seymour,</marc:subfield>
         <marc:subfield code="d">1912-</marc:subfield>
         <marc:subfield code="e">ed.</marc:subfield>
      </marc:datafield>
      <marc:datafield tag="990" ind1=" " ind2=" ">
         <marc:subfield code="a">539</marc:subfield>
      </marc:datafield>
      <marc:datafield tag="999" ind1=" " ind2=" ">
         <marc:subfield code="a">PN6112 .T84</marc:subfield>
         <marc:subfield code="w">LC</marc:subfield>
         <marc:subfield code="c">1</marc:subfield>
         <marc:subfield code="i">30173000074665</marc:subfield>
         <marc:subfield code="d">10/16/2010</marc:subfield>
         <marc:subfield code="f">10/16/2010</marc:subfield>
         <marc:subfield code="g">2</marc:subfield>
         <marc:subfield code="l">STACKS</marc:subfield>
         <marc:subfield code="m">DEGEN_ROOM</marc:subfield>
         <marc:subfield code="r">Y</marc:subfield>
         <marc:subfield code="s">Y</marc:subfield>
         <marc:subfield code="t">BOOK</marc:subfield>
         <marc:subfield code="u">4/20/2007</marc:subfield>
      </marc:datafield>
      <marc:datafield tag="999" ind1=" " ind2=" ">
         <marc:subfield code="a">PN6112 .T84</marc:subfield>
         <marc:subfield code="w">LC</marc:subfield>
         <marc:subfield code="c">2</marc:subfield>
         <marc:subfield code="i">30173000102078</marc:subfield>
         <marc:subfield code="d">11/3/2010</marc:subfield>
         <marc:subfield code="f">11/3/2010</marc:subfield>
         <marc:subfield code="g">1</marc:subfield>
         <marc:subfield code="l">STACKS</marc:subfield>
         <marc:subfield code="m">DEGEN_ROOM</marc:subfield>
         <marc:subfield code="r">Y</marc:subfield>
         <marc:subfield code="s">Y</marc:subfield>
         <marc:subfield code="t">BOOK</marc:subfield>
         <marc:subfield code="u">11/3/2010</marc:subfield>
      </marc:datafield>
   </marc:record>