
   <marc:record>
      <marc:leader>00553cam a22001571  4500</marc:leader>
      <marc:controlfield tag="005">20060616110110.0</marc:controlfield>
      <marc:controlfield tag="008">750116s1946    nyu           000 0 eng  </marc:controlfield>
      <marc:datafield tag="010" ind1=" " ind2=" ">
         <marc:subfield code="a">   47000289</marc:subfield>
      </marc:datafield>
      <marc:datafield tag="100" ind1="1" ind2=" ">
         <marc:subfield code="a">Kanin, Garson,</marc:subfield>
         <marc:subfield code="d">1912-1999.</marc:subfield>
      </marc:datafield>
      <marc:datafield tag="245" ind1="1" ind2="0">
         <marc:subfield code="a">Born yesterday,</marc:subfield>
         <marc:subfield code="b">a comedy,</marc:subfield>
         <marc:subfield code="c">by Garson Kanin.</marc:subfield>
      </marc:datafield>
      <marc:datafield tag="260" ind1=" " ind2=" ">
         <marc:subfield code="a">New York,</marc:subfield>
         <marc:subfield code="b">Viking Press,</marc:subfield>
         <marc:subfield code="c">1946.</marc:subfield>
      </marc:datafield>
      <marc:datafield tag="300" ind1=" " ind2=" ">
         <marc:subfield code="a">141 p.</marc:subfield>
         <marc:subfield code="b">front.</marc:subfield>
         <marc:subfield code="c">20 cm.</marc:subfield>
      </marc:datafield>
      <marc:datafield tag="990" ind1=" " ind2=" ">
         <marc:subfield code="a">541</marc:subfield>
      </marc:datafield>
      <marc:datafield tag="999" ind1=" " ind2=" ">
         <marc:subfield code="a">PS3521 .A45 B6 1946</marc:subfield>
         <marc:subfield code="w">LC</marc:subfield>
         <marc:subfield code="c">1</marc:subfield>
         <marc:subfield code="i">30173000074673</marc:subfield>
         <marc:subfield code="d">3/5/2015</marc:subfield>
         <marc:subfield code="e">2/6/2015</marc:subfield>
         <marc:subfield code="f">9/27/2010</marc:subfield>
         <marc:subfield code="g">2</marc:subfield>
         <marc:subfield code="l">STACKS</marc:subfield>
         <marc:subfield code="m">DEGEN_ROOM</marc:subfield>
         <marc:subfield code="n">3</marc:subfield>
         <marc:subfield code="r">Y</marc:subfield>
         <marc:subfield code="s">Y</marc:subfield>
         <marc:subfield code="t">BOOK</marc:subfield>
         <marc:subfield code="u">4/20/2007</marc:subfield>
      </marc:datafield>
   </marc:record>