
   <marc:record>
      <marc:leader>00878cam a2200217 a 4500</marc:leader>
      <marc:controlfield tag="008">850321s1982    nyuaf         00010 eng  </marc:controlfield>
      <marc:datafield tag="100" ind1="1" ind2=" ">
         <marc:subfield code="a">Menken, Alan.</marc:subfield>
      </marc:datafield>
      <marc:datafield tag="245" ind1="1" ind2="0">
         <marc:subfield code="a">Little shop of horrors :</marc:subfield>
         <marc:subfield code="b">a new musical /</marc:subfield>
         <marc:subfield code="c">book and lyrics by Howard Ashman ; based upon the film by Roger Corman ; music by Alan Menken.</marc:subfield>
      </marc:datafield>
      <marc:datafield tag="260" ind1=" " ind2=" ">
         <marc:subfield code="a">Garden City, N.Y. :</marc:subfield>
         <marc:subfield code="b">N. Doubleday,</marc:subfield>
         <marc:subfield code="c">c1982.</marc:subfield>
      </marc:datafield>
      <marc:datafield tag="300" ind1=" " ind2=" ">
         <marc:subfield code="a">90 p., [4] p. of plates :</marc:subfield>
         <marc:subfield code="b">ill. ;</marc:subfield>
         <marc:subfield code="c">22 cm.</marc:subfield>
      </marc:datafield>
      <marc:datafield tag="500" ind1=" " ind2=" ">
         <marc:subfield code="a">"Book club edition"--Jacket.</marc:subfield>
      </marc:datafield>
      <marc:datafield tag="650" ind1=" " ind2="0">
         <marc:subfield code="a">Musicals</marc:subfield>
         <marc:subfield code="x">Librettos.</marc:subfield>
      </marc:datafield>
      <marc:datafield tag="700" ind1="1" ind2=" ">
         <marc:subfield code="a">Ashman, Howard.</marc:subfield>
      </marc:datafield>
      <marc:datafield tag="730" ind1="0" ind2=" ">
         <marc:subfield code="a">Little shop of horrors (Motion picture)</marc:subfield>
      </marc:datafield>
      <marc:datafield tag="990" ind1=" " ind2=" ">
         <marc:subfield code="a">549</marc:subfield>
      </marc:datafield>
      <marc:datafield tag="999" ind1=" " ind2=" ">
         <marc:subfield code="a">ML50.M539 L6 1982</marc:subfield>
         <marc:subfield code="w">LC</marc:subfield>
         <marc:subfield code="c">2</marc:subfield>
         <marc:subfield code="i">30173000074442</marc:subfield>
         <marc:subfield code="d">10/2/2010</marc:subfield>
         <marc:subfield code="f">10/2/2010</marc:subfield>
         <marc:subfield code="g">2</marc:subfield>
         <marc:subfield code="l">STACKS</marc:subfield>
         <marc:subfield code="m">DEGEN_ROOM</marc:subfield>
         <marc:subfield code="r">Y</marc:subfield>
         <marc:subfield code="s">Y</marc:subfield>
         <marc:subfield code="t">BOOK</marc:subfield>
         <marc:subfield code="u">4/24/2007</marc:subfield>
      </marc:datafield>
   </marc:record>