
   <marc:record>
      <marc:leader>00787pam a2200193 i 4500</marc:leader>
      <marc:controlfield tag="008">780822s1978    nyu           00010 eng  </marc:controlfield>
      <marc:datafield tag="020" ind1=" " ind2=" ">
         <marc:subfield code="a">0689705808</marc:subfield>
      </marc:datafield>
      <marc:datafield tag="100" ind1="1" ind2=" ">
         <marc:subfield code="a">Leonard, Hugh.</marc:subfield>
      </marc:datafield>
      <marc:datafield tag="245" ind1="1" ind2="0">
         <marc:subfield code="a">"Da" :</marc:subfield>
         <marc:subfield code="b">a play /</marc:subfield>
         <marc:subfield code="c">by Hugh Leonard.</marc:subfield>
      </marc:datafield>
      <marc:datafield tag="250" ind1=" " ind2=" ">
         <marc:subfield code="a">[Book club ed]</marc:subfield>
      </marc:datafield>
      <marc:datafield tag="260" ind1=" " ind2=" ">
         <marc:subfield code="a">New York :</marc:subfield>
         <marc:subfield code="b">Atheneum,</marc:subfield>
         <marc:subfield code="c">1978.</marc:subfield>
      </marc:datafield>
      <marc:datafield tag="300" ind1=" " ind2=" ">
         <marc:subfield code="a">82 p. ;</marc:subfield>
         <marc:subfield code="c">21 cm.</marc:subfield>
      </marc:datafield>
      <marc:datafield tag="990" ind1=" " ind2=" ">
         <marc:subfield code="a">551</marc:subfield>
      </marc:datafield>
      <marc:datafield tag="999" ind1=" " ind2=" ">
         <marc:subfield code="a">PR 6062 .E7 D2 1978</marc:subfield>
         <marc:subfield code="w">LC</marc:subfield>
         <marc:subfield code="c">1</marc:subfield>
         <marc:subfield code="i">30173000091818</marc:subfield>
         <marc:subfield code="d">9/24/2010</marc:subfield>
         <marc:subfield code="f">9/24/2010</marc:subfield>
         <marc:subfield code="g">1</marc:subfield>
         <marc:subfield code="l">STACKS</marc:subfield>
         <marc:subfield code="m">DEGEN_ROOM</marc:subfield>
         <marc:subfield code="r">Y</marc:subfield>
         <marc:subfield code="s">Y</marc:subfield>
         <marc:subfield code="t">BOOK</marc:subfield>
         <marc:subfield code="u">9/5/2008</marc:subfield>
      </marc:datafield>
      <marc:datafield tag="999" ind1=" " ind2=" ">
         <marc:subfield code="a">PR 6062 .E7 D2 1978</marc:subfield>
         <marc:subfield code="w">LC</marc:subfield>
         <marc:subfield code="c">2</marc:subfield>
         <marc:subfield code="i">30173000074467</marc:subfield>
         <marc:subfield code="d">9/24/2010</marc:subfield>
         <marc:subfield code="f">9/24/2010</marc:subfield>
         <marc:subfield code="g">2</marc:subfield>
         <marc:subfield code="l">STACKS</marc:subfield>
         <marc:subfield code="m">DEGEN_ROOM</marc:subfield>
         <marc:subfield code="r">Y</marc:subfield>
         <marc:subfield code="s">Y</marc:subfield>
         <marc:subfield code="t">BOOK</marc:subfield>
         <marc:subfield code="u">4/24/2007</marc:subfield>
      </marc:datafield>
      <marc:datafield tag="999" ind1=" " ind2=" ">
         <marc:subfield code="a">PR 6062 .E7 D2 1978</marc:subfield>
         <marc:subfield code="w">LC</marc:subfield>
         <marc:subfield code="c">3</marc:subfield>
         <marc:subfield code="i">30173000188200</marc:subfield>
         <marc:subfield code="d">6/23/2015</marc:subfield>
         <marc:subfield code="f">6/23/2015</marc:subfield>
         <marc:subfield code="g">1</marc:subfield>
         <marc:subfield code="l">STACKS</marc:subfield>
         <marc:subfield code="m">DEGEN_ROOM</marc:subfield>
         <marc:subfield code="r">Y</marc:subfield>
         <marc:subfield code="s">Y</marc:subfield>
         <marc:subfield code="t">BOOK</marc:subfield>
         <marc:subfield code="u">10/1/2014</marc:subfield>
      </marc:datafield>
   </marc:record>