
   <marc:record>
      <marc:leader>00766cam a2200205 a 4500</marc:leader>
      <marc:controlfield tag="008">850222s1985    enk           00010 eng  </marc:controlfield>
      <marc:datafield tag="020" ind1=" " ind2=" ">
         <marc:subfield code="a">0571135943</marc:subfield>
      </marc:datafield>
      <marc:datafield tag="020" ind1=" " ind2=" ">
         <marc:subfield code="a">0571135951 (pbk.)</marc:subfield>
      </marc:datafield>
      <marc:datafield tag="082" ind1="0" ind2=" ">
         <marc:subfield code="a">822/.914</marc:subfield>
         <marc:subfield code="2">19</marc:subfield>
      </marc:datafield>
      <marc:datafield tag="100" ind1="1" ind2=" ">
         <marc:subfield code="a">Stoppard, Tom.</marc:subfield>
      </marc:datafield>
      <marc:datafield tag="245" ind1="1" ind2="0">
         <marc:subfield code="a">Rough crossing :</marc:subfield>
         <marc:subfield code="b">freely adapted from Ferenc Molnar's Play at the castle /</marc:subfield>
         <marc:subfield code="c">Tom Stoppard.</marc:subfield>
      </marc:datafield>
      <marc:datafield tag="260" ind1=" " ind2=" ">
         <marc:subfield code="a">London ;</marc:subfield>
         <marc:subfield code="a">Boston :</marc:subfield>
         <marc:subfield code="b">Faber and Faber,</marc:subfield>
         <marc:subfield code="c">1985.</marc:subfield>
      </marc:datafield>
      <marc:datafield tag="300" ind1=" " ind2=" ">
         <marc:subfield code="a">76 p. ;</marc:subfield>
         <marc:subfield code="c">21 cm.</marc:subfield>
      </marc:datafield>
      <marc:datafield tag="700" ind1="1" ind2=" ">
         <marc:subfield code="a">Molnar, Ferenc,</marc:subfield>
         <marc:subfield code="d">1878-1952.</marc:subfield>
         <marc:subfield code="t">Jatek a kastelyban.</marc:subfield>
      </marc:datafield>
      <marc:datafield tag="990" ind1=" " ind2=" ">
         <marc:subfield code="a">555</marc:subfield>
      </marc:datafield>
      <marc:datafield tag="999" ind1=" " ind2=" ">
         <marc:subfield code="a">PR 6069 .T6 R65 1985</marc:subfield>
         <marc:subfield code="w">LC</marc:subfield>
         <marc:subfield code="c">2</marc:subfield>
         <marc:subfield code="i">30173000074723</marc:subfield>
         <marc:subfield code="d">9/24/2010</marc:subfield>
         <marc:subfield code="f">9/24/2010</marc:subfield>
         <marc:subfield code="g">2</marc:subfield>
         <marc:subfield code="l">STACKS</marc:subfield>
         <marc:subfield code="m">DEGEN_ROOM</marc:subfield>
         <marc:subfield code="r">Y</marc:subfield>
         <marc:subfield code="s">Y</marc:subfield>
         <marc:subfield code="t">BOOK</marc:subfield>
         <marc:subfield code="u">4/24/2007</marc:subfield>
      </marc:datafield>
   </marc:record>