
   <marc:record>
      <marc:leader>01011cam a22002291  4500</marc:leader>
      <marc:controlfield tag="008">721213s1941    nyu           00000 eng  </marc:controlfield>
      <marc:datafield tag="082" ind1=" " ind2=" ">
         <marc:subfield code="a">822.91082</marc:subfield>
      </marc:datafield>
      <marc:datafield tag="245" ind1="0" ind2="0">
         <marc:subfield code="a">Five great modern Irish plays ...</marc:subfield>
         <marc:subfield code="c">with a foreword by George Jean Nathan.</marc:subfield>
      </marc:datafield>
      <marc:datafield tag="260" ind1="0" ind2=" ">
         <marc:subfield code="a">New York,</marc:subfield>
         <marc:subfield code="b">The Modern library</marc:subfield>
         <marc:subfield code="c">[1941]</marc:subfield>
      </marc:datafield>
      <marc:datafield tag="300" ind1=" " ind2=" ">
         <marc:subfield code="a">xiii, 332 p.</marc:subfield>
         <marc:subfield code="c">19 cm.</marc:subfield>
      </marc:datafield>
      <marc:datafield tag="490" ind1="0" ind2=" ">
         <marc:subfield code="a">The Modern library of the world's best books</marc:subfield>
      </marc:datafield>
      <marc:datafield tag="500" ind1=" " ind2=" ">
         <marc:subfield code="a">"First Modern library edition."</marc:subfield>
      </marc:datafield>
      <marc:datafield tag="505" ind1="0" ind2=" ">
         <marc:subfield code="a">The playboy of the western world, by J. M. Synge.--Juno and the paycock, by Sean O'Casey.--Riders to the sea, by J. M. Synge.--Spreading the news, by Lady Gregory.--Shadow and substance, by P. V. Carroll.</marc:subfield>
      </marc:datafield>
      <marc:datafield tag="650" ind1=" " ind2="0">
         <marc:subfield code="a">English drama</marc:subfield>
         <marc:subfield code="x">Irish authors.</marc:subfield>
      </marc:datafield>
      <marc:datafield tag="650" ind1=" " ind2="0">
         <marc:subfield code="a">English drama</marc:subfield>
         <marc:subfield code="y">20th century.</marc:subfield>
      </marc:datafield>
      <marc:datafield tag="651" ind1=" " ind2="0">
         <marc:subfield code="a">Ireland</marc:subfield>
         <marc:subfield code="x">Drama.</marc:subfield>
      </marc:datafield>
      <marc:datafield tag="990" ind1=" " ind2=" ">
         <marc:subfield code="a">561</marc:subfield>
      </marc:datafield>
      <marc:datafield tag="999" ind1=" " ind2=" ">
         <marc:subfield code="a">PR8867 .F5</marc:subfield>
         <marc:subfield code="w">LC</marc:subfield>
         <marc:subfield code="c">1</marc:subfield>
         <marc:subfield code="i">30173000074780</marc:subfield>
         <marc:subfield code="d">9/25/2010</marc:subfield>
         <marc:subfield code="f">9/25/2010</marc:subfield>
         <marc:subfield code="g">2</marc:subfield>
         <marc:subfield code="l">STACKS</marc:subfield>
         <marc:subfield code="m">DEGEN_ROOM</marc:subfield>
         <marc:subfield code="r">Y</marc:subfield>
         <marc:subfield code="s">Y</marc:subfield>
         <marc:subfield code="t">BOOK</marc:subfield>
         <marc:subfield code="u">4/24/2007</marc:subfield>
      </marc:datafield>
   </marc:record>