
   <marc:record>
      <marc:leader>00742nam a22001931  4500</marc:leader>
      <marc:controlfield tag="005">20050826170226.0</marc:controlfield>
      <marc:controlfield tag="008">720410s1936    nyuaf         000 0 eng  </marc:controlfield>
      <marc:datafield tag="010" ind1=" " ind2=" ">
         <marc:subfield code="a">   37029595</marc:subfield>
      </marc:datafield>
      <marc:datafield tag="100" ind1="1" ind2=" ">
         <marc:subfield code="a">Behrman, S. N.</marc:subfield>
         <marc:subfield code="q">(Samuel Nathaniel),</marc:subfield>
         <marc:subfield code="d">1893-1973.</marc:subfield>
      </marc:datafield>
      <marc:datafield tag="245" ind1="1" ind2="0">
         <marc:subfield code="a">Biography;</marc:subfield>
         <marc:subfield code="b">a comedy in three acts,</marc:subfield>
         <marc:subfield code="c">by S. N. Behrman ...</marc:subfield>
      </marc:datafield>
      <marc:datafield tag="260" ind1=" " ind2=" ">
         <marc:subfield code="a">New York, N.Y.,</marc:subfield>
         <marc:subfield code="a">Los Angeles, Calif.,</marc:subfield>
         <marc:subfield code="b">S. French;</marc:subfield>
         <marc:subfield code="a">London,</marc:subfield>
         <marc:subfield code="b">S. French, ltd.;</marc:subfield>
         <marc:subfield code="c">[etc., etc.]</marc:subfield>
         <marc:subfield code="c">c1936.</marc:subfield>
      </marc:datafield>
      <marc:datafield tag="300" ind1=" " ind2=" ">
         <marc:subfield code="a">122 p.</marc:subfield>
         <marc:subfield code="b">plates, diagr.</marc:subfield>
         <marc:subfield code="c">19 cm.</marc:subfield>
      </marc:datafield>
      <marc:datafield tag="490" ind1="0" ind2=" ">
         <marc:subfield code="a">French's standard library edition</marc:subfield>
      </marc:datafield>
      <marc:datafield tag="990" ind1=" " ind2=" ">
         <marc:subfield code="a">566</marc:subfield>
      </marc:datafield>
      <marc:datafield tag="999" ind1=" " ind2=" ">
         <marc:subfield code="a">PS 3503 .E37 B5 1936</marc:subfield>
         <marc:subfield code="w">LC</marc:subfield>
         <marc:subfield code="c">2</marc:subfield>
         <marc:subfield code="i">30173000074848</marc:subfield>
         <marc:subfield code="d">9/27/2010</marc:subfield>
         <marc:subfield code="f">9/27/2010</marc:subfield>
         <marc:subfield code="g">2</marc:subfield>
         <marc:subfield code="l">STACKS</marc:subfield>
         <marc:subfield code="m">DEGEN_ROOM</marc:subfield>
         <marc:subfield code="r">Y</marc:subfield>
         <marc:subfield code="s">Y</marc:subfield>
         <marc:subfield code="t">BOOK</marc:subfield>
         <marc:subfield code="u">4/24/2007</marc:subfield>
      </marc:datafield>
   </marc:record>