
   <marc:record>
      <marc:leader>00910cam a22002651  4500</marc:leader>
      <marc:controlfield tag="005">19960313153629.5</marc:controlfield>
      <marc:controlfield tag="008">780509s1955    nyu           000 0 eng  </marc:controlfield>
      <marc:datafield tag="010" ind1=" " ind2=" ">
         <marc:subfield code="a">   55012049 /L/r964</marc:subfield>
      </marc:datafield>
      <marc:datafield tag="040" ind1=" " ind2=" ">
         <marc:subfield code="a">DLC</marc:subfield>
         <marc:subfield code="c">ICU</marc:subfield>
         <marc:subfield code="d">ICU</marc:subfield>
         <marc:subfield code="d">DLC</marc:subfield>
      </marc:datafield>
      <marc:datafield tag="041" ind1="1" ind2=" ">
         <marc:subfield code="a">eng</marc:subfield>
         <marc:subfield code="a">fre</marc:subfield>
      </marc:datafield>
      <marc:datafield tag="082" ind1="0" ind2="0">
         <marc:subfield code="a">842.91</marc:subfield>
      </marc:datafield>
      <marc:datafield tag="100" ind1="1" ind2=" ">
         <marc:subfield code="a">Giraudoux, Jean,</marc:subfield>
         <marc:subfield code="d">1882-1944.</marc:subfield>
      </marc:datafield>
      <marc:datafield tag="245" ind1="1" ind2="0">
         <marc:subfield code="a">Tiger at the gates</marc:subfield>
         <marc:subfield code="b">(La guerre de Troie n'aura pas lieu) [Play]</marc:subfield>
         <marc:subfield code="c">Translated by Christopher Fry.</marc:subfield>
      </marc:datafield>
      <marc:datafield tag="260" ind1=" " ind2=" ">
         <marc:subfield code="a">New York,</marc:subfield>
         <marc:subfield code="b">Oxford University Press,</marc:subfield>
         <marc:subfield code="c">1955.</marc:subfield>
      </marc:datafield>
      <marc:datafield tag="300" ind1=" " ind2=" ">
         <marc:subfield code="a">75 p.</marc:subfield>
         <marc:subfield code="c">20 cm.</marc:subfield>
      </marc:datafield>
      <marc:datafield tag="650" ind1=" " ind2="0">
         <marc:subfield code="a">Helen of Troy (Greek mythology)</marc:subfield>
         <marc:subfield code="x">Drama.</marc:subfield>
      </marc:datafield>
      <marc:datafield tag="650" ind1=" " ind2="0">
         <marc:subfield code="a">Trojan War</marc:subfield>
         <marc:subfield code="x">Drama.</marc:subfield>
      </marc:datafield>
      <marc:datafield tag="655" ind1=" " ind2="7">
         <marc:subfield code="a">Historical drama.</marc:subfield>
         <marc:subfield code="2">gsafd</marc:subfield>
      </marc:datafield>
      <marc:datafield tag="990" ind1=" " ind2=" ">
         <marc:subfield code="a">581</marc:subfield>
      </marc:datafield>
      <marc:datafield tag="999" ind1=" " ind2=" ">
         <marc:subfield code="a">PQ 2613 .I74 G83</marc:subfield>
         <marc:subfield code="w">LC</marc:subfield>
         <marc:subfield code="c">2</marc:subfield>
         <marc:subfield code="i">30173000074996</marc:subfield>
         <marc:subfield code="d">9/21/2010</marc:subfield>
         <marc:subfield code="f">9/21/2010</marc:subfield>
         <marc:subfield code="g">2</marc:subfield>
         <marc:subfield code="l">STACKS</marc:subfield>
         <marc:subfield code="m">DEGEN_ROOM</marc:subfield>
         <marc:subfield code="r">Y</marc:subfield>
         <marc:subfield code="s">Y</marc:subfield>
         <marc:subfield code="t">BOOK</marc:subfield>
         <marc:subfield code="u">4/24/2007</marc:subfield>
      </marc:datafield>
   </marc:record>