
   <marc:record>
      <marc:leader>01087cam a2200193   4500</marc:leader>
      <marc:controlfield tag="008">070425n                      000 0 eng u</marc:controlfield>
      <marc:datafield tag="100" ind1="1" ind2=" ">
         <marc:subfield code="a">Massinger, Philip, </marc:subfield>
         <marc:subfield code="d"> 1583-1640</marc:subfield>
      </marc:datafield>
      <marc:datafield tag="245" ind1=" " ind2=" ">
         <marc:subfield code="a">Philip Massinger; </marc:subfield>
         <marc:subfield code="c"> ed., with an introduction and notes, by Arthur Symons ...</marc:subfield>
      </marc:datafield>
      <marc:datafield tag="250" ind1=" " ind2=" ">
         <marc:subfield code="a">Unexpurgated Edition.</marc:subfield>
      </marc:datafield>
      <marc:datafield tag="260" ind1=" " ind2=" ">
         <marc:subfield code="a">London, </marc:subfield>
         <marc:subfield code="b"> T.F. Unwin; </marc:subfield>
         <marc:subfield code="a"> New York, </marc:subfield>
         <marc:subfield code="b"> Vizetelly &amp; co </marc:subfield>
         <marc:subfield code="c"> [1887-89]</marc:subfield>
      </marc:datafield>
      <marc:datafield tag="300" ind1=" " ind2=" ">
         <marc:subfield code="a">2 v. </marc:subfield>
         <marc:subfield code="b"> fronts. (ports.) </marc:subfield>
         <marc:subfield code="c"> 19 cm.</marc:subfield>
      </marc:datafield>
      <marc:datafield tag="400" ind1=" " ind2=" ">
         <marc:subfield code="a">The Mermaid series: the best plays of the old dramatists. </marc:subfield>
         <marc:subfield code="v"> [vol. IV-V]</marc:subfield>
      </marc:datafield>
      <marc:datafield tag="500" ind1=" " ind2=" ">
         <marc:subfield code="a">At head of title: The best plays of the old dramatists.</marc:subfield>
      </marc:datafield>
      <marc:datafield tag="505" ind1=" " ind2=" ">
         <marc:subfield code="a">I. Philip Massinger [by A. Symons] The Duke of Milan. A new way to pay old debts. The great Duke of Florence. The maid of honour. The city madam.--II. The Roman actor. The fatal dowry. The guardian. The virgin-martyr. Believe as you list.</marc:subfield>
      </marc:datafield>
      <marc:datafield tag="600" ind1=" " ind2=" ">
         <marc:subfield code="a">Lowin, John, </marc:subfield>
         <marc:subfield code="d"> 1576-1659.</marc:subfield>
      </marc:datafield>
      <marc:datafield tag="700" ind1=" " ind2=" ">
         <marc:subfield code="a">a Symons, Arthur, </marc:subfield>
         <marc:subfield code="d"> 1865-1945, </marc:subfield>
         <marc:subfield code="e"> ed.</marc:subfield>
      </marc:datafield>
      <marc:datafield tag="990" ind1=" " ind2=" ">
         <marc:subfield code="a">626</marc:subfield>
      </marc:datafield>
      <marc:datafield tag="999" ind1=" " ind2=" ">
         <marc:subfield code="a">PR2702 .S8</marc:subfield>
         <marc:subfield code="w">LC</marc:subfield>
         <marc:subfield code="c">1</marc:subfield>
         <marc:subfield code="i">30173000075472</marc:subfield>
         <marc:subfield code="d">9/21/2010</marc:subfield>
         <marc:subfield code="f">9/21/2010</marc:subfield>
         <marc:subfield code="g">2</marc:subfield>
         <marc:subfield code="l">STACKS</marc:subfield>
         <marc:subfield code="m">DEGEN_ROOM</marc:subfield>
         <marc:subfield code="r">Y</marc:subfield>
         <marc:subfield code="s">Y</marc:subfield>
         <marc:subfield code="t">BOOK</marc:subfield>
         <marc:subfield code="u">4/25/2007</marc:subfield>
      </marc:datafield>
   </marc:record>