
   <marc:record>
      <marc:leader>00567cam a2200133   4500</marc:leader>
      <marc:controlfield tag="008">070425n1891                  000 0 eng u</marc:controlfield>
      <marc:datafield tag="100" ind1="1" ind2=" ">
         <marc:subfield code="a"> Morley, Henry, </marc:subfield>
         <marc:subfield code="d"> 1822-1894.</marc:subfield>
      </marc:datafield>
      <marc:datafield tag="245" ind1="1" ind2="4">
         <marc:subfield code="a"> The journal of a London playgoer from 1851-1866.</marc:subfield>
      </marc:datafield>
      <marc:datafield tag="260" ind1=" " ind2=" ">
         <marc:subfield code="a"> London, </marc:subfield>
         <marc:subfield code="b"> George Routledge &amp; sons, </marc:subfield>
         <marc:subfield code="c"> 1891.</marc:subfield>
      </marc:datafield>
      <marc:datafield tag="300" ind1=" " ind2=" ">
         <marc:subfield code="a"> 320p. </marc:subfield>
         <marc:subfield code="c"> 20cm.</marc:subfield>
      </marc:datafield>
      <marc:datafield tag="650" ind1=" " ind2=" ">
         <marc:subfield code="a"> Theater </marc:subfield>
         <marc:subfield code="z"> England </marc:subfield>
         <marc:subfield code="z"> London </marc:subfield>
         <marc:subfield code="x"> History.</marc:subfield>
         <marc:subfield code="a"> English drama </marc:subfield>
         <marc:subfield code="x"> History and criticism.</marc:subfield>
      </marc:datafield>
      <marc:datafield tag="990" ind1=" " ind2=" ">
         <marc:subfield code="a">627</marc:subfield>
      </marc:datafield>
      <marc:datafield tag="999" ind1=" " ind2=" ">
         <marc:subfield code="a">PN2594 .M6</marc:subfield>
         <marc:subfield code="w">LC</marc:subfield>
         <marc:subfield code="c">1</marc:subfield>
         <marc:subfield code="i">30173000075480</marc:subfield>
         <marc:subfield code="d">10/14/2010</marc:subfield>
         <marc:subfield code="f">10/14/2010</marc:subfield>
         <marc:subfield code="g">2</marc:subfield>
         <marc:subfield code="l">STACKS</marc:subfield>
         <marc:subfield code="m">DEGEN_ROOM</marc:subfield>
         <marc:subfield code="r">N</marc:subfield>
         <marc:subfield code="s">Y</marc:subfield>
         <marc:subfield code="t">BOOK</marc:subfield>
         <marc:subfield code="u">4/25/2007</marc:subfield>
      </marc:datafield>
   </marc:record>