
   <marc:record>
      <marc:leader>00799cam a2200169   4500</marc:leader>
      <marc:controlfield tag="008">070425n1923                  000 0 eng u</marc:controlfield>
      <marc:datafield tag="100" ind1="1" ind2=" ">
         <marc:subfield code="a">Tolstoy, Aleksey Konstantinovich, graf, 1817-1875.</marc:subfield>
      </marc:datafield>
      <marc:datafield tag="245" ind1=" " ind2=" ">
         <marc:subfield code="a">Tsar Fyodor Ivanovitch; a play in five acts, by Count Alexei Tolstoy, English translation by Jenny Covan.</marc:subfield>
      </marc:datafield>
      <marc:datafield tag="260" ind1=" " ind2=" ">
         <marc:subfield code="a">New York, Brentanos [1923]</marc:subfield>
      </marc:datafield>
      <marc:datafield tag="300" ind1=" " ind2=" ">
         <marc:subfield code="a">iv, 91 p. 19 cm.</marc:subfield>
      </marc:datafield>
      <marc:datafield tag="400" ind1=" " ind2=" ">
         <marc:subfield code="a">(The Moscow art theatre series of Russian plays. Vol. I)</marc:subfield>
      </marc:datafield>
      <marc:datafield tag="600" ind1=" " ind2=" ">
         <marc:subfield code="a">Fyodor I, Czar of Russia, 1557-1598--Drama. </marc:subfield>
         <marc:subfield code="a"> Boris Fyodorovich Godunov, Czar of Russia, 1551 or 2-1605--Drama.</marc:subfield>
      </marc:datafield>
      <marc:datafield tag="700" ind1=" " ind2=" ">
         <marc:subfield code="a"> Covan, Jenny.</marc:subfield>
      </marc:datafield>
      <marc:datafield tag="990" ind1=" " ind2=" ">
         <marc:subfield code="a">628</marc:subfield>
      </marc:datafield>
      <marc:datafield tag="999" ind1=" " ind2=" ">
         <marc:subfield code="a">PG3363 .T8 E5 1923</marc:subfield>
         <marc:subfield code="w">LC</marc:subfield>
         <marc:subfield code="c">1</marc:subfield>
         <marc:subfield code="i">30173000075498</marc:subfield>
         <marc:subfield code="d">4/14/2017</marc:subfield>
         <marc:subfield code="f">4/14/2017</marc:subfield>
         <marc:subfield code="g">3</marc:subfield>
         <marc:subfield code="l">STACKS</marc:subfield>
         <marc:subfield code="m">DEGEN_ROOM</marc:subfield>
         <marc:subfield code="r">Y</marc:subfield>
         <marc:subfield code="s">Y</marc:subfield>
         <marc:subfield code="t">BOOK</marc:subfield>
         <marc:subfield code="u">4/25/2007</marc:subfield>
      </marc:datafield>
   </marc:record>