
   <marc:record>
      <marc:leader>00723cam a2200157   4500</marc:leader>
      <marc:controlfield tag="008">070425n1937                  000 0 eng u</marc:controlfield>
      <marc:datafield tag="100" ind1="1" ind2=" ">
         <marc:subfield code="a">Steinbeck, John, </marc:subfield>
         <marc:subfield code="d"> 1902-1968.</marc:subfield>
      </marc:datafield>
      <marc:datafield tag="245" ind1=" " ind2=" ">
         <marc:subfield code="a">Of mice and men / </marc:subfield>
         <marc:subfield code="c"> John Steinbeck.</marc:subfield>
      </marc:datafield>
      <marc:datafield tag="250" ind1=" " ind2=" ">
         <marc:subfield code="a">Acting ed.</marc:subfield>
      </marc:datafield>
      <marc:datafield tag="260" ind1=" " ind2=" ">
         <marc:subfield code="a">New York : </marc:subfield>
         <marc:subfield code="b"> Dramatists Play Service, </marc:subfield>
         <marc:subfield code="c"> c1937.</marc:subfield>
      </marc:datafield>
      <marc:datafield tag="300" ind1=" " ind2=" ">
         <marc:subfield code="a">71 p. ; </marc:subfield>
         <marc:subfield code="c"> 20 cm.</marc:subfield>
      </marc:datafield>
      <marc:datafield tag="650" ind1=" " ind2=" ">
         <marc:subfield code="a">Cowboys </marc:subfield>
         <marc:subfield code="z"> California </marc:subfield>
         <marc:subfield code="z"> Salinas River Valley </marc:subfield>
         <marc:subfield code="v"> Drama. </marc:subfield>
         <marc:subfield code="a"> Men </marc:subfield>
         <marc:subfield code="z"> California </marc:subfield>
         <marc:subfield code="z"> Salinas River Valley </marc:subfield>
         <marc:subfield code="v"> Drama. </marc:subfield>
         <marc:subfield code="a"> Male friendship </marc:subfield>
         <marc:subfield code="v"> Drama.</marc:subfield>
      </marc:datafield>
      <marc:datafield tag="651" ind1=" " ind2=" ">
         <marc:subfield code="a">Salinas River Valley (Calif.) </marc:subfield>
         <marc:subfield code="v"> Drama.</marc:subfield>
      </marc:datafield>
      <marc:datafield tag="990" ind1=" " ind2=" ">
         <marc:subfield code="a">629</marc:subfield>
      </marc:datafield>
      <marc:datafield tag="999" ind1=" " ind2=" ">
         <marc:subfield code="a">PS3537.T3234 O3 1937B</marc:subfield>
         <marc:subfield code="w">LC</marc:subfield>
         <marc:subfield code="c">1</marc:subfield>
         <marc:subfield code="i">30173000075506</marc:subfield>
         <marc:subfield code="d">3/20/2015</marc:subfield>
         <marc:subfield code="e">3/3/2015</marc:subfield>
         <marc:subfield code="f">9/27/2010</marc:subfield>
         <marc:subfield code="g">2</marc:subfield>
         <marc:subfield code="l">STACKS</marc:subfield>
         <marc:subfield code="m">DEGEN_ROOM</marc:subfield>
         <marc:subfield code="n">2</marc:subfield>
         <marc:subfield code="r">Y</marc:subfield>
         <marc:subfield code="s">Y</marc:subfield>
         <marc:subfield code="t">BOOK</marc:subfield>
         <marc:subfield code="u">4/25/2007</marc:subfield>
      </marc:datafield>
   </marc:record>