
   <marc:record>
      <marc:leader>00674cam a2200145   4500</marc:leader>
      <marc:controlfield tag="008">070425n1942                  000 0 eng u</marc:controlfield>
      <marc:datafield tag="100" ind1="1" ind2=" ">
         <marc:subfield code="a">Cerf, Bennett, </marc:subfield>
         <marc:subfield code="d"> 1898-1971 </marc:subfield>
         <marc:subfield code="e"> comp.</marc:subfield>
      </marc:datafield>
      <marc:datafield tag="245" ind1=" " ind2=" ">
         <marc:subfield code="a">Sixteen famous British plays, </marc:subfield>
         <marc:subfield code="c"> compiled by Bennett A. Cerf and Van H. Cartmell, with an introduction by John Mason Brown.</marc:subfield>
      </marc:datafield>
      <marc:datafield tag="260" ind1=" " ind2=" ">
         <marc:subfield code="a">New York, </marc:subfield>
         <marc:subfield code="b"> Modern Library </marc:subfield>
         <marc:subfield code="c"> [c1942]</marc:subfield>
      </marc:datafield>
      <marc:datafield tag="300" ind1=" " ind2=" ">
         <marc:subfield code="a">1000 p.</marc:subfield>
      </marc:datafield>
      <marc:datafield tag="650" ind1=" " ind2=" ">
         <marc:subfield code="a">English drama </marc:subfield>
         <marc:subfield code="y"> 20th century.</marc:subfield>
         <marc:subfield code="a"> English drama </marc:subfield>
         <marc:subfield code="y"> 19th century.</marc:subfield>
      </marc:datafield>
      <marc:datafield tag="700" ind1=" " ind2=" ">
         <marc:subfield code="a">Cartmell, Van Henry, </marc:subfield>
         <marc:subfield code="d"> 1896-1966.</marc:subfield>
      </marc:datafield>
      <marc:datafield tag="990" ind1=" " ind2=" ">
         <marc:subfield code="a">636</marc:subfield>
      </marc:datafield>
      <marc:datafield tag="999" ind1=" " ind2=" ">
         <marc:subfield code="a"> PR1272 .C35 1942</marc:subfield>
         <marc:subfield code="w">LC</marc:subfield>
         <marc:subfield code="c">2</marc:subfield>
         <marc:subfield code="i">30173000075571</marc:subfield>
         <marc:subfield code="d">9/21/2010</marc:subfield>
         <marc:subfield code="f">9/21/2010</marc:subfield>
         <marc:subfield code="g">2</marc:subfield>
         <marc:subfield code="l">STACKS</marc:subfield>
         <marc:subfield code="m">DEGEN_ROOM</marc:subfield>
         <marc:subfield code="r">Y</marc:subfield>
         <marc:subfield code="s">Y</marc:subfield>
         <marc:subfield code="t">BOOK</marc:subfield>
         <marc:subfield code="u">4/25/2007</marc:subfield>
      </marc:datafield>
   </marc:record>