
   <marc:record>
      <marc:leader>01044cam a2200265 i 4500</marc:leader>
      <marc:controlfield tag="005">19960223141939.5</marc:controlfield>
      <marc:controlfield tag="008">790522s1977    nyua          00010 eng  </marc:controlfield>
      <marc:datafield tag="010" ind1=" " ind2=" ">
         <marc:subfield code="a">   79106961 //r96</marc:subfield>
      </marc:datafield>
      <marc:datafield tag="020" ind1=" " ind2=" ">
         <marc:subfield code="a">0573609764 :</marc:subfield>
         <marc:subfield code="c">$2.25</marc:subfield>
      </marc:datafield>
      <marc:datafield tag="040" ind1=" " ind2=" ">
         <marc:subfield code="a">DLC</marc:subfield>
         <marc:subfield code="c">DLC</marc:subfield>
         <marc:subfield code="d">DLC</marc:subfield>
      </marc:datafield>
      <marc:datafield tag="082" ind1="0" ind2="0">
         <marc:subfield code="a">812/.5/4</marc:subfield>
      </marc:datafield>
      <marc:datafield tag="100" ind1="1" ind2=" ">
         <marc:subfield code="a">Coburn, D. L.</marc:subfield>
      </marc:datafield>
      <marc:datafield tag="245" ind1="1" ind2="4">
         <marc:subfield code="a">The gin game :</marc:subfield>
         <marc:subfield code="b">a tragi-comedy in two acts /</marc:subfield>
         <marc:subfield code="c">by D. L. Coburn.</marc:subfield>
      </marc:datafield>
      <marc:datafield tag="260" ind1=" " ind2=" ">
         <marc:subfield code="a">New York :</marc:subfield>
         <marc:subfield code="b">French,</marc:subfield>
         <marc:subfield code="c">c1977.</marc:subfield>
      </marc:datafield>
      <marc:datafield tag="300" ind1=" " ind2=" ">
         <marc:subfield code="a">74 p. :</marc:subfield>
         <marc:subfield code="b">ill. ;</marc:subfield>
         <marc:subfield code="c">29 cm.</marc:subfield>
      </marc:datafield>
      <marc:datafield tag="655" ind1=" " ind2="7">
         <marc:subfield code="a">Tragicomedy.</marc:subfield>
         <marc:subfield code="2">lcsh</marc:subfield>
      </marc:datafield>
      <marc:datafield tag="990" ind1=" " ind2=" ">
         <marc:subfield code="a">637</marc:subfield>
      </marc:datafield>
      <marc:datafield tag="999" ind1=" " ind2=" ">
         <marc:subfield code="a">PS 3553 .O233 G5 1977</marc:subfield>
         <marc:subfield code="w">LC</marc:subfield>
         <marc:subfield code="c">1</marc:subfield>
         <marc:subfield code="i">30173000083476</marc:subfield>
         <marc:subfield code="d">9/27/2010</marc:subfield>
         <marc:subfield code="f">9/27/2010</marc:subfield>
         <marc:subfield code="g">2</marc:subfield>
         <marc:subfield code="l">STACKS</marc:subfield>
         <marc:subfield code="m">DEGEN_ROOM</marc:subfield>
         <marc:subfield code="r">Y</marc:subfield>
         <marc:subfield code="s">Y</marc:subfield>
         <marc:subfield code="t">BOOK</marc:subfield>
         <marc:subfield code="u">7/18/2007</marc:subfield>
      </marc:datafield>
      <marc:datafield tag="999" ind1=" " ind2=" ">
         <marc:subfield code="a">PS 3553 .O233 G5 1977</marc:subfield>
         <marc:subfield code="w">LC</marc:subfield>
         <marc:subfield code="c">2</marc:subfield>
         <marc:subfield code="i">30173000075589</marc:subfield>
         <marc:subfield code="d">9/27/2010</marc:subfield>
         <marc:subfield code="f">9/27/2010</marc:subfield>
         <marc:subfield code="g">2</marc:subfield>
         <marc:subfield code="l">STACKS</marc:subfield>
         <marc:subfield code="m">DEGEN_ROOM</marc:subfield>
         <marc:subfield code="r">Y</marc:subfield>
         <marc:subfield code="s">Y</marc:subfield>
         <marc:subfield code="t">BOOK</marc:subfield>
         <marc:subfield code="u">4/26/2007</marc:subfield>
      </marc:datafield>
      <marc:datafield tag="999" ind1=" " ind2=" ">
         <marc:subfield code="a">PS 3553 .O233 G5 1977</marc:subfield>
         <marc:subfield code="w">LC</marc:subfield>
         <marc:subfield code="c">3</marc:subfield>
         <marc:subfield code="i">30173000000876</marc:subfield>
         <marc:subfield code="d">9/28/2010</marc:subfield>
         <marc:subfield code="f">9/28/2010</marc:subfield>
         <marc:subfield code="g">1</marc:subfield>
         <marc:subfield code="l">STACKS</marc:subfield>
         <marc:subfield code="m">DEGEN_ROOM</marc:subfield>
         <marc:subfield code="r">Y</marc:subfield>
         <marc:subfield code="s">Y</marc:subfield>
         <marc:subfield code="t">BOOK</marc:subfield>
         <marc:subfield code="u">9/28/2010</marc:subfield>
      </marc:datafield>
   </marc:record>