
   <marc:record>
      <marc:leader>00749nam a22002531  4500</marc:leader>
      <marc:controlfield tag="005">20050827183649.0</marc:controlfield>
      <marc:controlfield tag="008">720414s1950    xx            000 0 eng  </marc:controlfield>
      <marc:datafield tag="010" ind1=" " ind2=" ">
         <marc:subfield code="a">   54016905</marc:subfield>
      </marc:datafield>
      <marc:datafield tag="040" ind1=" " ind2=" ">
         <marc:subfield code="a">DLC</marc:subfield>
         <marc:subfield code="c">ODaWU</marc:subfield>
         <marc:subfield code="d">DLC</marc:subfield>
      </marc:datafield>
      <marc:datafield tag="042" ind1=" " ind2=" ">
         <marc:subfield code="a">premarc</marc:subfield>
      </marc:datafield>
      <marc:datafield tag="100" ind1="1" ind2=" ">
         <marc:subfield code="a">Hecht, Ben,</marc:subfield>
         <marc:subfield code="d">1893-1964.</marc:subfield>
      </marc:datafield>
      <marc:datafield tag="245" ind1="1" ind2="4">
         <marc:subfield code="a">The front page.</marc:subfield>
      </marc:datafield>
      <marc:datafield tag="250" ind1=" " ind2=" ">
         <marc:subfield code="a">[Acting ed.]</marc:subfield>
      </marc:datafield>
      <marc:datafield tag="260" ind1=" " ind2=" ">
         <marc:subfield code="b">French</marc:subfield>
         <marc:subfield code="c">[1950]</marc:subfield>
      </marc:datafield>
      <marc:datafield tag="300" ind1=" " ind2=" ">
         <marc:subfield code="a">143 p.</marc:subfield>
      </marc:datafield>
      <marc:datafield tag="700" ind1="1" ind2=" ">
         <marc:subfield code="a">MacArthur, Charles,</marc:subfield>
         <marc:subfield code="d">1895-1956,</marc:subfield>
         <marc:subfield code="e">joint author.</marc:subfield>
      </marc:datafield>
      <marc:datafield tag="990" ind1=" " ind2=" ">
         <marc:subfield code="a">645</marc:subfield>
      </marc:datafield>
      <marc:datafield tag="999" ind1=" " ind2=" ">
         <marc:subfield code="a">PS 3515 .E18 F7 1950</marc:subfield>
         <marc:subfield code="w">LC</marc:subfield>
         <marc:subfield code="c">2</marc:subfield>
         <marc:subfield code="i">30173000001726</marc:subfield>
         <marc:subfield code="d">9/27/2010</marc:subfield>
         <marc:subfield code="f">9/27/2010</marc:subfield>
         <marc:subfield code="g">2</marc:subfield>
         <marc:subfield code="l">STACKS</marc:subfield>
         <marc:subfield code="m">DEGEN_ROOM</marc:subfield>
         <marc:subfield code="r">Y</marc:subfield>
         <marc:subfield code="s">Y</marc:subfield>
         <marc:subfield code="t">BOOK</marc:subfield>
         <marc:subfield code="u">4/26/2007</marc:subfield>
      </marc:datafield>
   </marc:record>