
   <marc:record>
      <marc:leader>00773cam a2200193 a 4500</marc:leader>
      <marc:controlfield tag="008">811119s1981    nyuaf         00010 eng  </marc:controlfield>
      <marc:datafield tag="039" ind1="0" ind2=" ">
         <marc:subfield code="a">2</marc:subfield>
         <marc:subfield code="b">3</marc:subfield>
         <marc:subfield code="c">3</marc:subfield>
         <marc:subfield code="d">3</marc:subfield>
         <marc:subfield code="e">3</marc:subfield>
      </marc:datafield>
      <marc:datafield tag="082" ind1="0" ind2=" ">
         <marc:subfield code="a">812/.54</marc:subfield>
         <marc:subfield code="2">19</marc:subfield>
      </marc:datafield>
      <marc:datafield tag="100" ind1="1" ind2=" ">
         <marc:subfield code="a">Durang, Christopher,</marc:subfield>
         <marc:subfield code="d">1949-</marc:subfield>
      </marc:datafield>
      <marc:datafield tag="245" ind1="1" ind2="4">
         <marc:subfield code="a">The idiots Karamazov /</marc:subfield>
         <marc:subfield code="c">by Christopher Durang &amp; Albert Innaurato.</marc:subfield>
      </marc:datafield>
      <marc:datafield tag="260" ind1=" " ind2=" ">
         <marc:subfield code="a">New York, N.Y. (440 Park Ave. South, New York 10016) :</marc:subfield>
         <marc:subfield code="b">Dramatists Play Service,</marc:subfield>
         <marc:subfield code="c">c1981.</marc:subfield>
      </marc:datafield>
      <marc:datafield tag="300" ind1=" " ind2=" ">
         <marc:subfield code="a">66 p., [1] leaf of plates :</marc:subfield>
         <marc:subfield code="b">ill. ;</marc:subfield>
         <marc:subfield code="c">20 cm.</marc:subfield>
      </marc:datafield>
      <marc:datafield tag="700" ind1="1" ind2=" ">
         <marc:subfield code="a">Innaurato, Albert,</marc:subfield>
         <marc:subfield code="d">1948-</marc:subfield>
      </marc:datafield>
      <marc:datafield tag="990" ind1=" " ind2=" ">
         <marc:subfield code="a">659</marc:subfield>
      </marc:datafield>
      <marc:datafield tag="999" ind1=" " ind2=" ">
         <marc:subfield code="a">PS 3554 .U666 I3</marc:subfield>
         <marc:subfield code="w">LC</marc:subfield>
         <marc:subfield code="c">2</marc:subfield>
         <marc:subfield code="i">30173000075803</marc:subfield>
         <marc:subfield code="d">11/12/2014</marc:subfield>
         <marc:subfield code="e">10/23/2014</marc:subfield>
         <marc:subfield code="f">9/28/2010</marc:subfield>
         <marc:subfield code="g">2</marc:subfield>
         <marc:subfield code="l">STACKS</marc:subfield>
         <marc:subfield code="m">DEGEN_ROOM</marc:subfield>
         <marc:subfield code="n">1</marc:subfield>
         <marc:subfield code="r">Y</marc:subfield>
         <marc:subfield code="s">Y</marc:subfield>
         <marc:subfield code="t">BOOK</marc:subfield>
         <marc:subfield code="u">4/26/2007</marc:subfield>
      </marc:datafield>
   </marc:record>