
   <marc:record>
      <marc:leader>00717cam a2200205u  4500</marc:leader>
      <marc:controlfield tag="005">20020606120843.0</marc:controlfield>
      <marc:controlfield tag="008">821209s1924    enk           000 0 eng  </marc:controlfield>
      <marc:datafield tag="010" ind1=" " ind2=" ">
         <marc:subfield code="a">   24031989</marc:subfield>
      </marc:datafield>
      <marc:datafield tag="040" ind1=" " ind2=" ">
         <marc:subfield code="a">DLC</marc:subfield>
         <marc:subfield code="c">CarP</marc:subfield>
         <marc:subfield code="d">DLC</marc:subfield>
      </marc:datafield>
      <marc:datafield tag="100" ind1="1" ind2=" ">
         <marc:subfield code="a">Barrie, J. M.</marc:subfield>
         <marc:subfield code="q">(James Matthew),</marc:subfield>
         <marc:subfield code="d">1860-1937.</marc:subfield>
      </marc:datafield>
      <marc:datafield tag="245" ind1="1" ind2="0">
         <marc:subfield code="a">Mary Rose,</marc:subfield>
         <marc:subfield code="b">a play in three acts.</marc:subfield>
      </marc:datafield>
      <marc:datafield tag="260" ind1=" " ind2=" ">
         <marc:subfield code="a">London,</marc:subfield>
         <marc:subfield code="b">Hodder and Stoughton limited,</marc:subfield>
         <marc:subfield code="c">1949.</marc:subfield>
      </marc:datafield>
      <marc:datafield tag="300" ind1=" " ind2=" ">
         <marc:subfield code="a">129 p.</marc:subfield>
      </marc:datafield>
      <marc:datafield tag="906" ind1=" " ind2=" ">
         <marc:subfield code="a">0</marc:subfield>
         <marc:subfield code="b">cbc</marc:subfield>
         <marc:subfield code="c">premunv</marc:subfield>
         <marc:subfield code="d">u</marc:subfield>
         <marc:subfield code="e">ncip</marc:subfield>
         <marc:subfield code="f">19</marc:subfield>
         <marc:subfield code="g">y-gencatlg</marc:subfield>
      </marc:datafield>
      <marc:datafield tag="990" ind1=" " ind2=" ">
         <marc:subfield code="a">705</marc:subfield>
      </marc:datafield>
      <marc:datafield tag="999" ind1=" " ind2=" ">
         <marc:subfield code="a">PR4074 .M3 1924</marc:subfield>
         <marc:subfield code="w">LC</marc:subfield>
         <marc:subfield code="c">1</marc:subfield>
         <marc:subfield code="i">30173000043827</marc:subfield>
         <marc:subfield code="d">9/23/2010</marc:subfield>
         <marc:subfield code="f">9/23/2010</marc:subfield>
         <marc:subfield code="g">2</marc:subfield>
         <marc:subfield code="l">STACKS</marc:subfield>
         <marc:subfield code="m">DEGEN_ROOM</marc:subfield>
         <marc:subfield code="r">Y</marc:subfield>
         <marc:subfield code="s">Y</marc:subfield>
         <marc:subfield code="t">BOOK</marc:subfield>
         <marc:subfield code="u">5/31/2007</marc:subfield>
      </marc:datafield>
   </marc:record>