
   <marc:record>
      <marc:leader>02112cam a2200337 a 4500</marc:leader>
      <marc:controlfield tag="005">20060721160928.0</marc:controlfield>
      <marc:controlfield tag="008">911127s1992    ilu           000 0 eng  </marc:controlfield>
      <marc:datafield tag="010" ind1=" " ind2=" ">
         <marc:subfield code="a">   91045936</marc:subfield>
      </marc:datafield>
      <marc:datafield tag="020" ind1=" " ind2=" ">
         <marc:subfield code="a">0226307743 (v. 1 : alk. paper)</marc:subfield>
      </marc:datafield>
      <marc:datafield tag="020" ind1=" " ind2=" ">
         <marc:subfield code="a">0226307654 (v. 2 : alk. paper)</marc:subfield>
      </marc:datafield>
      <marc:datafield tag="020" ind1=" " ind2=" ">
         <marc:subfield code="a">0226307662 (v. 3 : alk. paper)</marc:subfield>
      </marc:datafield>
      <marc:datafield tag="020" ind1=" " ind2=" ">
         <marc:subfield code="a">0226307670 (v. 4 : alk. paper)</marc:subfield>
      </marc:datafield>
      <marc:datafield tag="020" ind1=" " ind2=" ">
         <marc:subfield code="a">0226307638 (set : alk. paper)</marc:subfield>
      </marc:datafield>
      <marc:datafield tag="041" ind1="1" ind2=" ">
         <marc:subfield code="a">eng</marc:subfield>
         <marc:subfield code="h">grc</marc:subfield>
      </marc:datafield>
      <marc:datafield tag="245" ind1="0" ind2="4">
         <marc:subfield code="a">The Complete Greek tragedies /</marc:subfield>
         <marc:subfield code="c">edited by David Grene and Richmond Lattimore.</marc:subfield>
      </marc:datafield>
      <marc:datafield tag="250" ind1=" " ind2=" ">
         <marc:subfield code="a">Centennial ed.</marc:subfield>
      </marc:datafield>
      <marc:datafield tag="260" ind1=" " ind2=" ">
         <marc:subfield code="a">Chicago :</marc:subfield>
         <marc:subfield code="b">University of Chicago Press,</marc:subfield>
         <marc:subfield code="c">1992.</marc:subfield>
      </marc:datafield>
      <marc:datafield tag="300" ind1=" " ind2=" ">
         <marc:subfield code="a">4 v. ;</marc:subfield>
         <marc:subfield code="c">24 cm.</marc:subfield>
      </marc:datafield>
      <marc:datafield tag="505" ind1="0" ind2=" ">
         <marc:subfield code="a">v. 1. Aeschylus: Agamemnon / Richmond Lattimore -- Aeschylus: Prometheus bound / David Grene -- Sophocles: Oedipus the king / David Grene -- Sophocles: Antigone / Elizabeth Wyckoff -- Euripieds: Hippolytus - David Grene -- v. 2 Aeschylus: Libation bearers / Richmond Lattimore -- Sophocles: Electra / David Grene -- Euripieds: Iphigenia in taruis / Witter Bynner -- Euripides: Electra / Emily Townsend Vermeule -- Euripides: Trojan women / Richmond Lattimore -- v. 3. The Eumenides / Aeschylus ; Richmond Lattimore -- Philoctetes / Sophocles ; David Grene -- Oedipus at Colonus / Sophocles ; Robert Fitzgerald -- The Baccahe / Euripides ; William Arrowsmith -- Alcestis / Euripides ; Richmond Lattimore.</marc:subfield>
      </marc:datafield>
      <marc:datafield tag="650" ind1=" " ind2="0">
         <marc:subfield code="a">Greek drama (Tragedy)</marc:subfield>
         <marc:subfield code="v">Translations into English.</marc:subfield>
      </marc:datafield>
      <marc:datafield tag="650" ind1=" " ind2="0">
         <marc:subfield code="a">Mythology, Greek</marc:subfield>
         <marc:subfield code="v">Drama.</marc:subfield>
      </marc:datafield>
      <marc:datafield tag="700" ind1="1" ind2=" ">
         <marc:subfield code="a">Grene, David.</marc:subfield>
      </marc:datafield>
      <marc:datafield tag="700" ind1="1" ind2=" ">
         <marc:subfield code="a">Lattimore, Richmond Alexander,</marc:subfield>
         <marc:subfield code="d">1906-1984</marc:subfield>
      </marc:datafield>
      <marc:datafield tag="856" ind1="4" ind2="2">
         <marc:subfield code="3">Publisher description</marc:subfield>
         <marc:subfield code="u">http://www.loc.gov/catdir/description/uchi053/91045936.html</marc:subfield>
      </marc:datafield>
      <marc:datafield tag="856" ind1="4" ind2="2">
         <marc:subfield code="3">Table of contents only</marc:subfield>
         <marc:subfield code="u">http://www.loc.gov/catdir/enhancements/fy0608/91045936-t.html</marc:subfield>
      </marc:datafield>
      <marc:datafield tag="990" ind1=" " ind2=" ">
         <marc:subfield code="a">731</marc:subfield>
      </marc:datafield>
      <marc:datafield tag="999" ind1=" " ind2=" ">
         <marc:subfield code="a">PA3626 .A2 G67 1967</marc:subfield>
         <marc:subfield code="w">LC</marc:subfield>
         <marc:subfield code="c">2</marc:subfield>
         <marc:subfield code="i">30173000096239</marc:subfield>
         <marc:subfield code="d">11/13/2010</marc:subfield>
         <marc:subfield code="f">11/13/2010</marc:subfield>
         <marc:subfield code="g">1</marc:subfield>
         <marc:subfield code="l">STACKS</marc:subfield>
         <marc:subfield code="m">DEGEN_ROOM</marc:subfield>
         <marc:subfield code="r">Y</marc:subfield>
         <marc:subfield code="s">Y</marc:subfield>
         <marc:subfield code="t">BOOK</marc:subfield>
         <marc:subfield code="u">10/14/2010</marc:subfield>
      </marc:datafield>
      <marc:datafield tag="999" ind1=" " ind2=" ">
         <marc:subfield code="a">PA3626 .A2 G67 1967</marc:subfield>
         <marc:subfield code="w">LC</marc:subfield>
         <marc:subfield code="c">4</marc:subfield>
         <marc:subfield code="i">30173000095710</marc:subfield>
         <marc:subfield code="d">3/29/2017</marc:subfield>
         <marc:subfield code="f">3/29/2017</marc:subfield>
         <marc:subfield code="g">2</marc:subfield>
         <marc:subfield code="l">STACKS</marc:subfield>
         <marc:subfield code="m">DEGEN_ROOM</marc:subfield>
         <marc:subfield code="r">Y</marc:subfield>
         <marc:subfield code="s">Y</marc:subfield>
         <marc:subfield code="t">BOOK</marc:subfield>
         <marc:subfield code="u">10/20/2010</marc:subfield>
      </marc:datafield>
   </marc:record>