
   <marc:record>
      <marc:leader>00934cam a22002651  4500</marc:leader>
      <marc:controlfield tag="005">20060406100716.0</marc:controlfield>
      <marc:controlfield tag="008">721219s1961    nyu           000 0 eng  </marc:controlfield>
      <marc:datafield tag="010" ind1=" " ind2=" ">
         <marc:subfield code="a">   61009259</marc:subfield>
      </marc:datafield>
      <marc:datafield tag="040" ind1=" " ind2=" ">
         <marc:subfield code="a">DLC</marc:subfield>
         <marc:subfield code="c">DLC</marc:subfield>
         <marc:subfield code="d">DLC</marc:subfield>
      </marc:datafield>
      <marc:datafield tag="043" ind1=" " ind2=" ">
         <marc:subfield code="a">n-us---</marc:subfield>
      </marc:datafield>
      <marc:datafield tag="100" ind1="1" ind2=" ">
         <marc:subfield code="a">White, Theodore H.</marc:subfield>
         <marc:subfield code="q">(Theodore Harold),</marc:subfield>
         <marc:subfield code="d">1915-1986.</marc:subfield>
      </marc:datafield>
      <marc:datafield tag="245" ind1="1" ind2="4">
         <marc:subfield code="a">The making of the President, 1960.</marc:subfield>
      </marc:datafield>
      <marc:datafield tag="250" ind1=" " ind2=" ">
         <marc:subfield code="a">[1st ed.]</marc:subfield>
      </marc:datafield>
      <marc:datafield tag="260" ind1=" " ind2=" ">
         <marc:subfield code="a">New York,</marc:subfield>
         <marc:subfield code="b">Atheneum Publishers,</marc:subfield>
         <marc:subfield code="c">1961.</marc:subfield>
      </marc:datafield>
      <marc:datafield tag="300" ind1=" " ind2=" ">
         <marc:subfield code="a">400 p.</marc:subfield>
         <marc:subfield code="c">25 cm.</marc:subfield>
      </marc:datafield>
      <marc:datafield tag="600" ind1="1" ind2="0">
         <marc:subfield code="a">Nixon, Richard M.</marc:subfield>
         <marc:subfield code="q">(Richard Milhous),</marc:subfield>
         <marc:subfield code="d">1913-1994.</marc:subfield>
      </marc:datafield>
      <marc:datafield tag="600" ind1="1" ind2="0">
         <marc:subfield code="a">Kennedy, John F.</marc:subfield>
         <marc:subfield code="q">(John Fitzgerald),</marc:subfield>
         <marc:subfield code="d">1917-1963.</marc:subfield>
      </marc:datafield>
      <marc:datafield tag="650" ind1=" " ind2="0">
         <marc:subfield code="a">Presidents</marc:subfield>
         <marc:subfield code="z">United States</marc:subfield>
         <marc:subfield code="x">Election</marc:subfield>
         <marc:subfield code="y">1960.</marc:subfield>
      </marc:datafield>
      <marc:datafield tag="651" ind1=" " ind2="0">
         <marc:subfield code="a">United States</marc:subfield>
         <marc:subfield code="x">Politics and government</marc:subfield>
         <marc:subfield code="y">1953-1961.</marc:subfield>
      </marc:datafield>
      <marc:datafield tag="990" ind1=" " ind2=" ">
         <marc:subfield code="a">751</marc:subfield>
      </marc:datafield>
      <marc:datafield tag="999" ind1=" " ind2=" ">
         <marc:subfield code="a">E840 .W5</marc:subfield>
         <marc:subfield code="w">LC</marc:subfield>
         <marc:subfield code="c">1</marc:subfield>
         <marc:subfield code="i">30173000076744</marc:subfield>
         <marc:subfield code="d">1/25/2017</marc:subfield>
         <marc:subfield code="f">1/25/2017</marc:subfield>
         <marc:subfield code="g">3</marc:subfield>
         <marc:subfield code="l">STACKS</marc:subfield>
         <marc:subfield code="m">DEGEN_ROOM</marc:subfield>
         <marc:subfield code="r">Y</marc:subfield>
         <marc:subfield code="s">Y</marc:subfield>
         <marc:subfield code="t">BOOK</marc:subfield>
         <marc:subfield code="u">5/31/2007</marc:subfield>
      </marc:datafield>
   </marc:record>