
   <marc:record>
      <marc:leader>01259cam a2200277 a 4500</marc:leader>
      <marc:controlfield tag="005">20060328091026.0</marc:controlfield>
      <marc:controlfield tag="008">930208r19941958txu      b    001 0 eng  </marc:controlfield>
      <marc:datafield tag="010" ind1=" " ind2=" ">
         <marc:subfield code="a">   93003049</marc:subfield>
      </marc:datafield>
      <marc:datafield tag="040" ind1=" " ind2=" ">
         <marc:subfield code="a">DLC</marc:subfield>
         <marc:subfield code="c">DLC</marc:subfield>
         <marc:subfield code="d">DLC</marc:subfield>
      </marc:datafield>
      <marc:datafield tag="041" ind1="1" ind2=" ">
         <marc:subfield code="a">eng</marc:subfield>
         <marc:subfield code="h">fre</marc:subfield>
      </marc:datafield>
      <marc:datafield tag="082" ind1="0" ind2="0">
         <marc:subfield code="a">291.3/8</marc:subfield>
         <marc:subfield code="2">20</marc:subfield>
      </marc:datafield>
      <marc:datafield tag="100" ind1="1" ind2=" ">
         <marc:subfield code="a">Eliade, Mircea,</marc:subfield>
         <marc:subfield code="d">1907-1986.</marc:subfield>
      </marc:datafield>
      <marc:datafield tag="240" ind1="1" ind2="0">
         <marc:subfield code="a">Naissances mystiques.</marc:subfield>
         <marc:subfield code="l">English</marc:subfield>
      </marc:datafield>
      <marc:datafield tag="245" ind1="1" ind2="0">
         <marc:subfield code="a">Rites and symbols of initiation :</marc:subfield>
         <marc:subfield code="b">the mysteries of birth and rebirth /</marc:subfield>
         <marc:subfield code="c">Mircea Eliade ; translated from the French by Willard R. Trask ; and with a new foreword by Michael Meade.</marc:subfield>
      </marc:datafield>
      <marc:datafield tag="260" ind1=" " ind2=" ">
         <marc:subfield code="a">Dallas :</marc:subfield>
         <marc:subfield code="b">Spring Publications ;</marc:subfield>
         <marc:subfield code="a">[New York] :</marc:subfield>
         <marc:subfield code="b">Distributed in the U.S. by Continuum Pub. Group,</marc:subfield>
         <marc:subfield code="c">c1994.</marc:subfield>
      </marc:datafield>
      <marc:datafield tag="300" ind1=" " ind2=" ">
         <marc:subfield code="a">xxiv, 175 p. ;</marc:subfield>
         <marc:subfield code="c">23 cm.</marc:subfield>
      </marc:datafield>
      <marc:datafield tag="500" ind1=" " ind2=" ">
         <marc:subfield code="a">Originally published: New York : Harper Bros., 1958, in series: The Library of religion and culture.</marc:subfield>
      </marc:datafield>
      <marc:datafield tag="504" ind1=" " ind2=" ">
         <marc:subfield code="a">Includes bibliographical references (p. 137-165) and index.</marc:subfield>
      </marc:datafield>
      <marc:datafield tag="650" ind1=" " ind2="0">
         <marc:subfield code="a">Initiation rites</marc:subfield>
         <marc:subfield code="x">Religious aspects.</marc:subfield>
      </marc:datafield>
      <marc:datafield tag="990" ind1=" " ind2=" ">
         <marc:subfield code="a">765</marc:subfield>
      </marc:datafield>
      <marc:datafield tag="999" ind1=" " ind2=" ">
         <marc:subfield code="a">BL615 .E4 1994</marc:subfield>
         <marc:subfield code="w">LC</marc:subfield>
         <marc:subfield code="c">1</marc:subfield>
         <marc:subfield code="i">30173000076926</marc:subfield>
         <marc:subfield code="d">1/19/2017</marc:subfield>
         <marc:subfield code="f">1/19/2017</marc:subfield>
         <marc:subfield code="g">3</marc:subfield>
         <marc:subfield code="l">STACKS</marc:subfield>
         <marc:subfield code="m">DEGEN_ROOM</marc:subfield>
         <marc:subfield code="r">Y</marc:subfield>
         <marc:subfield code="s">Y</marc:subfield>
         <marc:subfield code="t">BOOK</marc:subfield>
         <marc:subfield code="u">6/1/2007</marc:subfield>
      </marc:datafield>
   </marc:record>