
   <marc:record>
      <marc:leader>01146cam a22002537a 4500</marc:leader>
      <marc:controlfield tag="005">20070509100450.0</marc:controlfield>
      <marc:controlfield tag="008">031224r20031898enk           000 0 eng d</marc:controlfield>
      <marc:datafield tag="010" ind1=" " ind2=" ">
         <marc:subfield code="a">  2003536813</marc:subfield>
      </marc:datafield>
      <marc:datafield tag="020" ind1=" " ind2=" ">
         <marc:subfield code="a">0140437940</marc:subfield>
      </marc:datafield>
      <marc:datafield tag="082" ind1="0" ind2="0">
         <marc:subfield code="a">822/.912</marc:subfield>
         <marc:subfield code="2">22</marc:subfield>
      </marc:datafield>
      <marc:datafield tag="100" ind1="1" ind2=" ">
         <marc:subfield code="a">Shaw, Bernard,</marc:subfield>
         <marc:subfield code="d">1856-1950.</marc:subfield>
      </marc:datafield>
      <marc:datafield tag="245" ind1="1" ind2="0">
         <marc:subfield code="a">Plays pleasant /</marc:subfield>
         <marc:subfield code="c">Bernard Shaw ; definitive text under the editorial supervision of Dan H. Laurence.</marc:subfield>
      </marc:datafield>
      <marc:datafield tag="250" ind1=" " ind2=" ">
         <marc:subfield code="a">Reprinted with a chronology and a new introd., and with minor revisions.</marc:subfield>
      </marc:datafield>
      <marc:datafield tag="260" ind1=" " ind2=" ">
         <marc:subfield code="a">London ;</marc:subfield>
         <marc:subfield code="a">New York, NY :</marc:subfield>
         <marc:subfield code="b">Penguin Books,</marc:subfield>
         <marc:subfield code="c">2003.</marc:subfield>
      </marc:datafield>
      <marc:datafield tag="300" ind1=" " ind2=" ">
         <marc:subfield code="a">xiv, 320 p. ;</marc:subfield>
         <marc:subfield code="c">20 cm.</marc:subfield>
      </marc:datafield>
      <marc:datafield tag="440" ind1=" " ind2="0">
         <marc:subfield code="a">Penguin classics</marc:subfield>
      </marc:datafield>
      <marc:datafield tag="500" ind1=" " ind2=" ">
         <marc:subfield code="a">Originally published: 1898.</marc:subfield>
      </marc:datafield>
      <marc:datafield tag="505" ind1="0" ind2=" ">
         <marc:subfield code="a">Arms and the man -- Candida -- The man of destiny -- You never can tell.</marc:subfield>
      </marc:datafield>
      <marc:datafield tag="856" ind1="4" ind2="2">
         <marc:subfield code="3">Contributor biographical information</marc:subfield>
         <marc:subfield code="u">http://www.loc.gov/catdir/enhancements/fy0716/2003536813-b.html</marc:subfield>
      </marc:datafield>
      <marc:datafield tag="856" ind1="4" ind2="2">
         <marc:subfield code="3">Publisher description</marc:subfield>
         <marc:subfield code="u">http://www.loc.gov/catdir/enhancements/fy0716/2003536813-d.html</marc:subfield>
      </marc:datafield>
      <marc:datafield tag="990" ind1=" " ind2=" ">
         <marc:subfield code="a">766</marc:subfield>
      </marc:datafield>
      <marc:datafield tag="999" ind1=" " ind2=" ">
         <marc:subfield code="a">PR5363 .A3 2003</marc:subfield>
         <marc:subfield code="w">LC</marc:subfield>
         <marc:subfield code="c">1</marc:subfield>
         <marc:subfield code="i">30173000076934</marc:subfield>
         <marc:subfield code="d">9/23/2010</marc:subfield>
         <marc:subfield code="f">9/23/2010</marc:subfield>
         <marc:subfield code="g">2</marc:subfield>
         <marc:subfield code="l">STACKS</marc:subfield>
         <marc:subfield code="m">DEGEN_ROOM</marc:subfield>
         <marc:subfield code="r">Y</marc:subfield>
         <marc:subfield code="s">Y</marc:subfield>
         <marc:subfield code="t">BOOK</marc:subfield>
         <marc:subfield code="u">6/1/2007</marc:subfield>
      </marc:datafield>
   </marc:record>