
   <marc:record>
      <marc:leader>01638cam a22002531  4500</marc:leader>
      <marc:controlfield tag="005">20030909173254.0</marc:controlfield>
      <marc:controlfield tag="008">750516s1899    pauf          001 0 eng  </marc:controlfield>
      <marc:datafield tag="010" ind1=" " ind2=" ">
         <marc:subfield code="a">   99003850</marc:subfield>
      </marc:datafield>
      <marc:datafield tag="100" ind1="1" ind2=" ">
         <marc:subfield code="a">Shakespeare, William,</marc:subfield>
         <marc:subfield code="d">1564-1616.</marc:subfield>
      </marc:datafield>
      <marc:datafield tag="240" ind1="1" ind2="0">
         <marc:subfield code="a">Works.</marc:subfield>
         <marc:subfield code="f">1899</marc:subfield>
      </marc:datafield>
      <marc:datafield tag="245" ind1="1" ind2="4">
         <marc:subfield code="a">The complete works of Shakespeare;</marc:subfield>
         <marc:subfield code="c">edited by Clark &amp; Wright; arranged in their chronological order with an introduction to each play, adapted from the Shakespearean primer of Professor Dowden. Volume 1.</marc:subfield>
      </marc:datafield>
      <marc:datafield tag="260" ind1=" " ind2=" ">
         <marc:subfield code="a">Philadelphia,</marc:subfield>
         <marc:subfield code="b">G. Barrie &amp; Son</marc:subfield>
         <marc:subfield code="c">[1899].</marc:subfield>
      </marc:datafield>
      <marc:datafield tag="300" ind1=" " ind2=" ">
         <marc:subfield code="a">16 v. in 8.</marc:subfield>
         <marc:subfield code="b">fronts., 44 pl.</marc:subfield>
         <marc:subfield code="c">18 cm.</marc:subfield>
      </marc:datafield>
      <marc:datafield tag="500" ind1=" " ind2=" ">
         <marc:subfield code="a">"Edwin Booth edition."</marc:subfield>
      </marc:datafield>
      <marc:datafield tag="500" ind1=" " ind2=" ">
         <marc:subfield code="a">Text and preface of the Globe edition (i.e. the Cambridge edition, slightly modified) Frontispiece in v. 1 wanting?</marc:subfield>
      </marc:datafield>
      <marc:datafield tag="505" ind1="0" ind2=" ">
         <marc:subfield code="a">v. 1. Titus Andronicus. King Henry VI., part I. Love's labour's lost. The comedy of errors. The two gentlemen of Verona. A midsummer night's dream. King Henry VI, parts II-III. Richard III. Romeo and Juliet. Richard II. King John. The merchant of Venice. King Henry IV., parts I-II. King Henry V. The taming of the shrew. The merry wives of Windsor. Much ado about nothing. As you like it. Twelfth night.</marc:subfield>
      </marc:datafield>
      <marc:datafield tag="700" ind1="1" ind2=" ">
         <marc:subfield code="a">Clark, William George,</marc:subfield>
         <marc:subfield code="d">1821-1878.</marc:subfield>
      </marc:datafield>
      <marc:datafield tag="700" ind1="1" ind2=" ">
         <marc:subfield code="a">Wright, William Aldis,</marc:subfield>
         <marc:subfield code="d">1831-1914.</marc:subfield>
      </marc:datafield>
      <marc:datafield tag="700" ind1="1" ind2=" ">
         <marc:subfield code="a">Knight, Charles,</marc:subfield>
         <marc:subfield code="d">1791-1873.</marc:subfield>
      </marc:datafield>
      <marc:datafield tag="990" ind1=" " ind2=" ">
         <marc:subfield code="a">775</marc:subfield>
      </marc:datafield>
      <marc:datafield tag="999" ind1=" " ind2=" ">
         <marc:subfield code="a">PR2753 .C6 1899</marc:subfield>
         <marc:subfield code="w">LC</marc:subfield>
         <marc:subfield code="c">1</marc:subfield>
         <marc:subfield code="i">30173000077114</marc:subfield>
         <marc:subfield code="d">10/9/2014</marc:subfield>
         <marc:subfield code="e">9/18/2014</marc:subfield>
         <marc:subfield code="f">9/21/2010</marc:subfield>
         <marc:subfield code="g">2</marc:subfield>
         <marc:subfield code="l">STACKS</marc:subfield>
         <marc:subfield code="m">DEGEN_ROOM</marc:subfield>
         <marc:subfield code="n">3</marc:subfield>
         <marc:subfield code="r">Y</marc:subfield>
         <marc:subfield code="s">Y</marc:subfield>
         <marc:subfield code="t">BOOK</marc:subfield>
         <marc:subfield code="u">6/1/2007</marc:subfield>
      </marc:datafield>
      <marc:datafield tag="999" ind1=" " ind2=" ">
         <marc:subfield code="a">PR2753 .C6 1899</marc:subfield>
         <marc:subfield code="w">LC</marc:subfield>
         <marc:subfield code="c">2</marc:subfield>
         <marc:subfield code="i">30173000077122</marc:subfield>
         <marc:subfield code="d">10/9/2014</marc:subfield>
         <marc:subfield code="e">9/18/2014</marc:subfield>
         <marc:subfield code="f">9/21/2010</marc:subfield>
         <marc:subfield code="g">2</marc:subfield>
         <marc:subfield code="l">STACKS</marc:subfield>
         <marc:subfield code="m">DEGEN_ROOM</marc:subfield>
         <marc:subfield code="n">3</marc:subfield>
         <marc:subfield code="r">Y</marc:subfield>
         <marc:subfield code="s">Y</marc:subfield>
         <marc:subfield code="t">BOOK</marc:subfield>
         <marc:subfield code="u">6/1/2007</marc:subfield>
      </marc:datafield>
   </marc:record>