
   <marc:record>
      <marc:leader>01100cam a2200241u  4500</marc:leader>
      <marc:controlfield tag="005">20030306110824.0</marc:controlfield>
      <marc:controlfield tag="008">841120n        xx            000 0 eng  </marc:controlfield>
      <marc:datafield tag="010" ind1=" " ind2=" ">
         <marc:subfield code="a">unk84135666</marc:subfield>
      </marc:datafield>
      <marc:datafield tag="040" ind1=" " ind2=" ">
         <marc:subfield code="a">DLC</marc:subfield>
         <marc:subfield code="c">CarP</marc:subfield>
         <marc:subfield code="d">DLC</marc:subfield>
      </marc:datafield>
      <marc:datafield tag="100" ind1="1" ind2=" ">
         <marc:subfield code="a">Rosenberg, Jerold,</marc:subfield>
         <marc:subfield code="d">1926-1955. [from old catalog]</marc:subfield>
      </marc:datafield>
      <marc:datafield tag="240" ind1="0" ind2="0">
         <marc:subfield code="a">Pajama game.</marc:subfield>
         <marc:subfield code="s">Piano-vocal score.</marc:subfield>
         <marc:subfield code="l">English. [from old catalog]</marc:subfield>
      </marc:datafield>
      <marc:datafield tag="245" ind1="1" ind2="4">
         <marc:subfield code="a">The pajama game [musical score];</marc:subfield>
         <marc:subfield code="b">a musical comedy based on the novel, 7 1/2 cents,</marc:subfield>
         <marc:subfield code="c">by Richard Bissell, music and lyrics by Richard Adler and Jerry Ross, pseud., book by Geoarge Abbot and Richard Bissell, vocal score edited by Louis C. Singer.</marc:subfield>
      </marc:datafield>
      <marc:datafield tag="260" ind1=" " ind2=" ">
         <marc:subfield code="a">[n.p.,</marc:subfield>
         <marc:subfield code="c">n.d.]</marc:subfield>
      </marc:datafield>
      <marc:datafield tag="300" ind1=" " ind2=" ">
         <marc:subfield code="a">Piano vocal score (38 p.)</marc:subfield>
         <marc:subfield code="c">cm.</marc:subfield>
      </marc:datafield>
      <marc:datafield tag="700" ind1="1" ind2=" ">
         <marc:subfield code="a">Adler, Richard,</marc:subfield>
         <marc:subfield code="d">1921- [from old catalog]</marc:subfield>
      </marc:datafield>
      <marc:datafield tag="906" ind1=" " ind2=" ">
         <marc:subfield code="a">0</marc:subfield>
         <marc:subfield code="b">cbc</marc:subfield>
         <marc:subfield code="c">premunv</marc:subfield>
         <marc:subfield code="d">u</marc:subfield>
         <marc:subfield code="e">ncip</marc:subfield>
         <marc:subfield code="f">19</marc:subfield>
         <marc:subfield code="g">y-gencatlg</marc:subfield>
      </marc:datafield>
      <marc:datafield tag="990" ind1=" " ind2=" ">
         <marc:subfield code="a">776</marc:subfield>
      </marc:datafield>
      <marc:datafield tag="999" ind1=" " ind2=" ">
         <marc:subfield code="a">M1503 .R789 P3 1955</marc:subfield>
         <marc:subfield code="w">LC</marc:subfield>
         <marc:subfield code="c">1</marc:subfield>
         <marc:subfield code="i">30173000077130</marc:subfield>
         <marc:subfield code="d">1/31/2017</marc:subfield>
         <marc:subfield code="f">1/31/2017</marc:subfield>
         <marc:subfield code="g">4</marc:subfield>
         <marc:subfield code="l">STACKS</marc:subfield>
         <marc:subfield code="m">DEGEN_ROOM</marc:subfield>
         <marc:subfield code="r">Y</marc:subfield>
         <marc:subfield code="s">Y</marc:subfield>
         <marc:subfield code="t">BOOK</marc:subfield>
         <marc:subfield code="u">6/1/2007</marc:subfield>
      </marc:datafield>
   </marc:record>