
   <marc:record>
      <marc:leader>01314cam a2200325 a 4500</marc:leader>
      <marc:controlfield tag="005">20070410073758.0</marc:controlfield>
      <marc:controlfield tag="008">030129r20032002nyu           000 0 eng  </marc:controlfield>
      <marc:datafield tag="010" ind1=" " ind2=" ">
         <marc:subfield code="a">  2003042191</marc:subfield>
      </marc:datafield>
      <marc:datafield tag="020" ind1=" " ind2=" ">
         <marc:subfield code="a">0802140068 (pbk.)</marc:subfield>
      </marc:datafield>
      <marc:datafield tag="020" ind1=" " ind2=" ">
         <marc:subfield code="a">0802117627 (hbk.)</marc:subfield>
      </marc:datafield>
      <marc:datafield tag="043" ind1=" " ind2=" ">
         <marc:subfield code="a">e-uk-en</marc:subfield>
      </marc:datafield>
      <marc:datafield tag="100" ind1="1" ind2=" ">
         <marc:subfield code="a">Stoppard, Tom.</marc:subfield>
      </marc:datafield>
      <marc:datafield tag="245" ind1="1" ind2="0">
         <marc:subfield code="a">Salvage /</marc:subfield>
         <marc:subfield code="c">Tom Stoppard.</marc:subfield>
      </marc:datafield>
      <marc:datafield tag="260" ind1=" " ind2=" ">
         <marc:subfield code="a">New York :</marc:subfield>
         <marc:subfield code="b">Grove Press,</marc:subfield>
         <marc:subfield code="c">[2003], c2002.</marc:subfield>
      </marc:datafield>
      <marc:datafield tag="300" ind1=" " ind2=" ">
         <marc:subfield code="a">xiv, 120 p. ;</marc:subfield>
         <marc:subfield code="c">21 cm.</marc:subfield>
      </marc:datafield>
      <marc:datafield tag="490" ind1="1" ind2=" ">
         <marc:subfield code="a">Coast of Utopia ;</marc:subfield>
         <marc:subfield code="v">pt. 3</marc:subfield>
      </marc:datafield>
      <marc:datafield tag="600" ind1="1" ind2="0">
         <marc:subfield code="a">Herzen, Aleksandr,</marc:subfield>
         <marc:subfield code="d">1812-1870</marc:subfield>
         <marc:subfield code="v">Drama.</marc:subfield>
      </marc:datafield>
      <marc:datafield tag="600" ind1="1" ind2="0">
         <marc:subfield code="a">Ogarev, N. P.</marc:subfield>
         <marc:subfield code="q">(Nikolai Platonovich),</marc:subfield>
         <marc:subfield code="d">1813-1877</marc:subfield>
         <marc:subfield code="v">Drama.</marc:subfield>
      </marc:datafield>
      <marc:datafield tag="600" ind1="1" ind2="0">
         <marc:subfield code="a">Bakunin, Mikhail Aleksandrovich,</marc:subfield>
         <marc:subfield code="d">1814-1876</marc:subfield>
         <marc:subfield code="v">Drama.</marc:subfield>
      </marc:datafield>
      <marc:datafield tag="650" ind1=" " ind2="0">
         <marc:subfield code="a">Russians</marc:subfield>
         <marc:subfield code="z">England</marc:subfield>
         <marc:subfield code="v">Drama.</marc:subfield>
      </marc:datafield>
      <marc:datafield tag="650" ind1=" " ind2="0">
         <marc:subfield code="a">Revolutionaries</marc:subfield>
         <marc:subfield code="v">Drama.</marc:subfield>
      </marc:datafield>
      <marc:datafield tag="651" ind1=" " ind2="0">
         <marc:subfield code="a">London (England)</marc:subfield>
         <marc:subfield code="v">Drama.</marc:subfield>
      </marc:datafield>
      <marc:datafield tag="655" ind1=" " ind2="7">
         <marc:subfield code="a">Historical drama.</marc:subfield>
         <marc:subfield code="2">gsafd</marc:subfield>
      </marc:datafield>
      <marc:datafield tag="800" ind1="1" ind2=" ">
         <marc:subfield code="a">Stoppard, Tom.</marc:subfield>
         <marc:subfield code="t">Coast of Utopia ;</marc:subfield>
         <marc:subfield code="v">pt. 3.</marc:subfield>
      </marc:datafield>
      <marc:datafield tag="856" ind1="4" ind2="2">
         <marc:subfield code="3">Contributor biographical information</marc:subfield>
         <marc:subfield code="u">http://www.loc.gov/catdir/enhancements/fy0712/2003042191-b.html</marc:subfield>
      </marc:datafield>
      <marc:datafield tag="856" ind1="4" ind2="2">
         <marc:subfield code="3">Publisher description</marc:subfield>
         <marc:subfield code="u">http://www.loc.gov/catdir/enhancements/fy0712/2003042191-d.html</marc:subfield>
      </marc:datafield>
      <marc:datafield tag="990" ind1=" " ind2=" ">
         <marc:subfield code="a">788</marc:subfield>
      </marc:datafield>
      <marc:datafield tag="999" ind1=" " ind2=" ">
         <marc:subfield code="a">PR6069 .T6 S355 2003</marc:subfield>
         <marc:subfield code="w">LC</marc:subfield>
         <marc:subfield code="c">1</marc:subfield>
         <marc:subfield code="i">30173000077437</marc:subfield>
         <marc:subfield code="d">1/15/2016</marc:subfield>
         <marc:subfield code="e">12/4/2015</marc:subfield>
         <marc:subfield code="f">9/24/2010</marc:subfield>
         <marc:subfield code="g">2</marc:subfield>
         <marc:subfield code="l">STACKS</marc:subfield>
         <marc:subfield code="m">DEGEN_ROOM</marc:subfield>
         <marc:subfield code="n">2</marc:subfield>
         <marc:subfield code="r">Y</marc:subfield>
         <marc:subfield code="s">Y</marc:subfield>
         <marc:subfield code="t">BOOK</marc:subfield>
         <marc:subfield code="u">6/1/2007</marc:subfield>
      </marc:datafield>
   </marc:record>