
   <marc:record>
      <marc:leader>01065cam a2200241   4500</marc:leader>
      <marc:controlfield tag="005">20020111152357.0</marc:controlfield>
      <marc:controlfield tag="008">711217m19719999nyu           000 0 eng  </marc:controlfield>
      <marc:datafield tag="010" ind1=" " ind2=" ">
         <marc:subfield code="a">   75176308</marc:subfield>
      </marc:datafield>
      <marc:datafield tag="020" ind1=" " ind2=" ">
         <marc:subfield code="a">0517500310</marc:subfield>
      </marc:datafield>
      <marc:datafield tag="245" ind1="0" ind2="4">
         <marc:subfield code="a">The Bluffer's guide.</marc:subfield>
         <marc:subfield code="c">Introduced by David Frost.</marc:subfield>
      </marc:datafield>
      <marc:datafield tag="260" ind1=" " ind2=" ">
         <marc:subfield code="a">New York,</marc:subfield>
         <marc:subfield code="b">Crown Publishers</marc:subfield>
         <marc:subfield code="c">[1971-</marc:subfield>
      </marc:datafield>
      <marc:datafield tag="300" ind1=" " ind2=" ">
         <marc:subfield code="a">v.</marc:subfield>
         <marc:subfield code="c">25 cm.</marc:subfield>
      </marc:datafield>
      <marc:datafield tag="350" ind1=" " ind2=" ">
         <marc:subfield code="a">$6.95 (v. 1)</marc:subfield>
      </marc:datafield>
      <marc:datafield tag="500" ind1=" " ind2=" ">
         <marc:subfield code="a">The individual parts of each series have special title-pages.</marc:subfield>
      </marc:datafield>
      <marc:datafield tag="505" ind1="1" ind2=" ">
         <marc:subfield code="a">[1st ser.] Bluff your way in art, literature, cinema, music, opera, wine.--2d ser. Bluff your way in antiques, gourmet cooking, football, interior decorating, the theatre, traveling.</marc:subfield>
      </marc:datafield>
      <marc:datafield tag="650" ind1=" " ind2="0">
         <marc:subfield code="a">Arts</marc:subfield>
         <marc:subfield code="v">Handbooks, manuals, etc.</marc:subfield>
      </marc:datafield>
      <marc:datafield tag="700" ind1="1" ind2=" ">
         <marc:subfield code="a">Frost, David,</marc:subfield>
         <marc:subfield code="d">1939 Apr. 7-</marc:subfield>
      </marc:datafield>
      <marc:datafield tag="990" ind1=" " ind2=" ">
         <marc:subfield code="a">798</marc:subfield>
      </marc:datafield>
      <marc:datafield tag="999" ind1=" " ind2=" ">
         <marc:subfield code="a">PN1657 .T8 1972</marc:subfield>
         <marc:subfield code="w">LC</marc:subfield>
         <marc:subfield code="c">1</marc:subfield>
         <marc:subfield code="i">30173000077676</marc:subfield>
         <marc:subfield code="d">4/28/2017</marc:subfield>
         <marc:subfield code="f">4/28/2017</marc:subfield>
         <marc:subfield code="g">3</marc:subfield>
         <marc:subfield code="l">STACKS</marc:subfield>
         <marc:subfield code="m">DEGEN_ROOM</marc:subfield>
         <marc:subfield code="r">Y</marc:subfield>
         <marc:subfield code="s">Y</marc:subfield>
         <marc:subfield code="t">BOOK</marc:subfield>
         <marc:subfield code="u">6/2/2007</marc:subfield>
      </marc:datafield>
      <marc:datafield tag="999" ind1=" " ind2=" ">
         <marc:subfield code="a">PN1657 .T8 1972</marc:subfield>
         <marc:subfield code="w">LC</marc:subfield>
         <marc:subfield code="c">2</marc:subfield>
         <marc:subfield code="i">30173000096775</marc:subfield>
         <marc:subfield code="d">4/28/2017</marc:subfield>
         <marc:subfield code="f">4/28/2017</marc:subfield>
         <marc:subfield code="g">3</marc:subfield>
         <marc:subfield code="l">STACKS</marc:subfield>
         <marc:subfield code="m">DEGEN_ROOM</marc:subfield>
         <marc:subfield code="r">Y</marc:subfield>
         <marc:subfield code="s">Y</marc:subfield>
         <marc:subfield code="t">BOOK</marc:subfield>
         <marc:subfield code="u">10/14/2010</marc:subfield>
      </marc:datafield>
   </marc:record>