
   <marc:record>
      <marc:leader>03150cam a2200241 a 4500</marc:leader>
      <marc:controlfield tag="005">20060330161624.0</marc:controlfield>
      <marc:controlfield tag="008">040128s2005    maua     b    000 0 eng  </marc:controlfield>
      <marc:datafield tag="010" ind1=" " ind2=" ">
         <marc:subfield code="a">  2004101201</marc:subfield>
      </marc:datafield>
      <marc:datafield tag="020" ind1=" " ind2=" ">
         <marc:subfield code="a">0312414390</marc:subfield>
      </marc:datafield>
      <marc:datafield tag="245" ind1="0" ind2="4">
         <marc:subfield code="a">The compact Bedford introduction to drama /</marc:subfield>
         <marc:subfield code="c">[edited by] Lee A. Jacobus.</marc:subfield>
      </marc:datafield>
      <marc:datafield tag="250" ind1=" " ind2=" ">
         <marc:subfield code="a">5th ed.</marc:subfield>
      </marc:datafield>
      <marc:datafield tag="260" ind1=" " ind2=" ">
         <marc:subfield code="a">Boston :</marc:subfield>
         <marc:subfield code="b">Bedford/St. Martins,</marc:subfield>
         <marc:subfield code="c">c2005.</marc:subfield>
      </marc:datafield>
      <marc:datafield tag="300" ind1=" " ind2=" ">
         <marc:subfield code="a">xxi, 1060 p. :</marc:subfield>
         <marc:subfield code="b">ill. ;</marc:subfield>
         <marc:subfield code="c">25 cm.</marc:subfield>
      </marc:datafield>
      <marc:datafield tag="504" ind1=" " ind2=" ">
         <marc:subfield code="a">Includes bibliographical references (p. 1032-1056).</marc:subfield>
      </marc:datafield>
      <marc:datafield tag="505" ind1=" " ind2=" ">
         <marc:subfield code="a">Plays: The rising of the moon / Lady Gregory -- Agamemnon / Aeschylus -- Oedipus Rex ; Antigone / Sophocles -- Medea / Euripides -- Lysistrata / Aristophanes -- Dulcitius / Hrosvitha -- Lady Han (Hanjo) / Zeami Motokiyo -- The second shepherd's play -- Everyman -- Doctor Faustus / Christopher Marlowe -- A midsummer night's dream ; Hamlet ; Othello / William Shakespeare -- The masque of blackness / Ben Jonson -- Life is a dream / Pedro Calderon de la Barca -- The misanthrope / Moliere -- The rover, or, The banished cavaliers / Aphra Behn -- The love suicides at Sonezaki / Chikamatsu Monzaemon -- She stoops to conquer, or, The mistakes of a night / Oliver Goldsmith -- A doll house / Henrik Ibsen -- Miss Julie / August Strindberg -- The importance of being earnest : a trivial comedy for serious people / Oscar Wilde -- The cherry orchard / Anton Chekhov -- Mrs. Warren's profession / Bernard Shaw -- Riders to the sea / John Millington Synge -- Trifles / Susan Glaspell -- Six characters in search of an author : a comedy in the making / Luigi Pirandello -- The house of Bernarda Alba : a drama about women in the villages of Spain / Federico Garcia Lorca -- Desire under the elms / Eugene O'Neill -- Mother Courage and her children : a chronicle of the Thirty Years' War / Bertolt Brecht -- The glass menagerie ; Cat on a hot tin roof / Tennessee Williams -- Death of a salesman : certain private conversations in two acts and a requiem / Arthur Miller -- Happy days / Samuel Beckett -- A raisin in the sun / Lorraine Hansberry -- The strong breed / Wole Soyinka -- Zoot suit / Luis Valdez -- Betrayal / Harold Pinter -- True West / Sam Shepard -- Translations / Brian Friel -- Top girls / Caryl Churchill -- "Master Harold" ... and the boys / Athol Fugard -- Glengarry Glen Ross / David Mamet -- The other shore / Gao Xingjian -- Fences / August Wilson -- M. Butterfly / David Henry Hwang -- Angels in America : millennium approaches / Tony Kushner -- Fires in the mirror : Crown Heights, Brooklyn and other identities / Anna Deavere Smith -- How I learned to drive / Paula Vogel -- Topdog/Underdog / Suzan-Lori Parks -- The goat, or, Who is Sylvia? / Edward Albee -- Anna in the tropics / Nilo Cruz.</marc:subfield>
      </marc:datafield>
      <marc:datafield tag="650" ind1=" " ind2="0">
         <marc:subfield code="a">Drama</marc:subfield>
         <marc:subfield code="v">Collections.</marc:subfield>
      </marc:datafield>
      <marc:datafield tag="650" ind1=" " ind2="0">
         <marc:subfield code="a">Drama</marc:subfield>
         <marc:subfield code="x">History and criticism.</marc:subfield>
      </marc:datafield>
      <marc:datafield tag="700" ind1="1" ind2=" ">
         <marc:subfield code="a">Jacobus, Lee A.</marc:subfield>
      </marc:datafield>
      <marc:datafield tag="990" ind1=" " ind2=" ">
         <marc:subfield code="a">800</marc:subfield>
      </marc:datafield>
      <marc:datafield tag="999" ind1=" " ind2=" ">
         <marc:subfield code="a">PN6112 .C66 2001</marc:subfield>
         <marc:subfield code="w">LC</marc:subfield>
         <marc:subfield code="c">1</marc:subfield>
         <marc:subfield code="i">30173000077692</marc:subfield>
         <marc:subfield code="d">10/16/2010</marc:subfield>
         <marc:subfield code="f">10/16/2010</marc:subfield>
         <marc:subfield code="g">2</marc:subfield>
         <marc:subfield code="l">STACKS</marc:subfield>
         <marc:subfield code="m">DEGEN_ROOM</marc:subfield>
         <marc:subfield code="r">Y</marc:subfield>
         <marc:subfield code="s">Y</marc:subfield>
         <marc:subfield code="t">BOOK</marc:subfield>
         <marc:subfield code="u">6/2/2007</marc:subfield>
      </marc:datafield>
      <marc:datafield tag="999" ind1=" " ind2=" ">
         <marc:subfield code="a">PN6112 .C66 2001</marc:subfield>
         <marc:subfield code="w">LC</marc:subfield>
         <marc:subfield code="c">2</marc:subfield>
         <marc:subfield code="i">30173000094804</marc:subfield>
         <marc:subfield code="d">12/2/2013</marc:subfield>
         <marc:subfield code="e">11/13/2013</marc:subfield>
         <marc:subfield code="f">10/27/2010</marc:subfield>
         <marc:subfield code="g">1</marc:subfield>
         <marc:subfield code="l">STACKS</marc:subfield>
         <marc:subfield code="m">DEGEN_ROOM</marc:subfield>
         <marc:subfield code="n">2</marc:subfield>
         <marc:subfield code="r">Y</marc:subfield>
         <marc:subfield code="s">Y</marc:subfield>
         <marc:subfield code="t">BOOK</marc:subfield>
         <marc:subfield code="u">10/27/2010</marc:subfield>
      </marc:datafield>
   </marc:record>