
   <marc:record>
      <marc:leader>01028cam a2200277 a 4500</marc:leader>
      <marc:controlfield tag="005">20060227162608.0</marc:controlfield>
      <marc:controlfield tag="008">820709s1982    njuac         000 0beng  </marc:controlfield>
      <marc:datafield tag="010" ind1=" " ind2=" ">
         <marc:subfield code="a">   82010503</marc:subfield>
      </marc:datafield>
      <marc:datafield tag="020" ind1=" " ind2=" ">
         <marc:subfield code="a">0818404507 :</marc:subfield>
         <marc:subfield code="c">$24.95</marc:subfield>
      </marc:datafield>
      <marc:datafield tag="040" ind1=" " ind2=" ">
         <marc:subfield code="a">DLC</marc:subfield>
         <marc:subfield code="c">DLC</marc:subfield>
         <marc:subfield code="d">DLC</marc:subfield>
      </marc:datafield>
      <marc:datafield tag="100" ind1="1" ind2=" ">
         <marc:subfield code="a">Mercer, Johnny,</marc:subfield>
         <marc:subfield code="d">1909-1976.</marc:subfield>
      </marc:datafield>
      <marc:datafield tag="245" ind1="1" ind2="0">
         <marc:subfield code="a">Our huckleberry friend :</marc:subfield>
         <marc:subfield code="b">the life, times, and lyrics of Johnny Mercer /</marc:subfield>
         <marc:subfield code="c">collected and edited by Bob Bach and Ginger Mercer ; designed by Christopher Simon.</marc:subfield>
      </marc:datafield>
      <marc:datafield tag="250" ind1=" " ind2=" ">
         <marc:subfield code="a">1st ed.</marc:subfield>
      </marc:datafield>
      <marc:datafield tag="260" ind1=" " ind2=" ">
         <marc:subfield code="a">Secaucus, N.J. :</marc:subfield>
         <marc:subfield code="b">Lyle Stuart,</marc:subfield>
         <marc:subfield code="c">1982.</marc:subfield>
      </marc:datafield>
      <marc:datafield tag="300" ind1=" " ind2=" ">
         <marc:subfield code="a">252 p. :</marc:subfield>
         <marc:subfield code="b">ill., ports. ;</marc:subfield>
         <marc:subfield code="c">29 cm.</marc:subfield>
      </marc:datafield>
      <marc:datafield tag="600" ind1="1" ind2="0">
         <marc:subfield code="a">Mercer, Johnny,</marc:subfield>
         <marc:subfield code="d">1909-1976.</marc:subfield>
      </marc:datafield>
      <marc:datafield tag="650" ind1=" " ind2="0">
         <marc:subfield code="a">Popular music</marc:subfield>
         <marc:subfield code="v">Texts.</marc:subfield>
      </marc:datafield>
      <marc:datafield tag="650" ind1=" " ind2="0">
         <marc:subfield code="a">Lyricists</marc:subfield>
         <marc:subfield code="z">United States</marc:subfield>
         <marc:subfield code="v">Biography.</marc:subfield>
      </marc:datafield>
      <marc:datafield tag="700" ind1="1" ind2=" ">
         <marc:subfield code="a">Bach, Bob.</marc:subfield>
      </marc:datafield>
      <marc:datafield tag="700" ind1="1" ind2=" ">
         <marc:subfield code="a">Mercer, Ginger.</marc:subfield>
      </marc:datafield>
      <marc:datafield tag="990" ind1=" " ind2=" ">
         <marc:subfield code="a">813</marc:subfield>
      </marc:datafield>
      <marc:datafield tag="999" ind1=" " ind2=" ">
         <marc:subfield code="a">ML54.6 .M45 O9 1982</marc:subfield>
         <marc:subfield code="w">LC</marc:subfield>
         <marc:subfield code="c">1</marc:subfield>
         <marc:subfield code="i">30173000077841</marc:subfield>
         <marc:subfield code="d">2/22/2017</marc:subfield>
         <marc:subfield code="f">2/22/2017</marc:subfield>
         <marc:subfield code="g">3</marc:subfield>
         <marc:subfield code="l">STACKS</marc:subfield>
         <marc:subfield code="m">DEGEN_ROOM</marc:subfield>
         <marc:subfield code="r">Y</marc:subfield>
         <marc:subfield code="s">Y</marc:subfield>
         <marc:subfield code="t">BOOK</marc:subfield>
         <marc:subfield code="u">6/2/2007</marc:subfield>
      </marc:datafield>
   </marc:record>