
   <marc:record>
      <marc:leader>01114cam a22002651  4500</marc:leader>
      <marc:controlfield tag="005">20070315141244.0</marc:controlfield>
      <marc:controlfield tag="008">751126s1960    nyuabh        000 0 eng  </marc:controlfield>
      <marc:datafield tag="010" ind1=" " ind2=" ">
         <marc:subfield code="a">   60051426</marc:subfield>
      </marc:datafield>
      <marc:datafield tag="100" ind1="1" ind2=" ">
         <marc:subfield code="a">Shakespeare, William,</marc:subfield>
         <marc:subfield code="d">1564-1616.</marc:subfield>
      </marc:datafield>
      <marc:datafield tag="240" ind1="1" ind2="0">
         <marc:subfield code="a">Henry V</marc:subfield>
      </marc:datafield>
      <marc:datafield tag="245" ind1="1" ind2="4">
         <marc:subfield code="a">The life of King Henry the Fifth.</marc:subfield>
         <marc:subfield code="c">[Edited by Louis B. Wright and Virginia A. LaMar]</marc:subfield>
      </marc:datafield>
      <marc:datafield tag="260" ind1=" " ind2=" ">
         <marc:subfield code="a">New York,</marc:subfield>
         <marc:subfield code="b">Washington Square Press</marc:subfield>
         <marc:subfield code="c">[1960]</marc:subfield>
      </marc:datafield>
      <marc:datafield tag="300" ind1=" " ind2=" ">
         <marc:subfield code="a">xiv, 123 p.</marc:subfield>
         <marc:subfield code="b">illus., ports., facsims.</marc:subfield>
         <marc:subfield code="c">16 cm.</marc:subfield>
      </marc:datafield>
      <marc:datafield tag="490" ind1="0" ind2=" ">
         <marc:subfield code="a">The Folger Library general reader's Shakespeare</marc:subfield>
      </marc:datafield>
      <marc:datafield tag="600" ind1="0" ind2="0">
         <marc:subfield code="a">Henry</marc:subfield>
         <marc:subfield code="b">V,</marc:subfield>
         <marc:subfield code="c">King of England,</marc:subfield>
         <marc:subfield code="d">1387-1422</marc:subfield>
         <marc:subfield code="x">Drama.</marc:subfield>
      </marc:datafield>
      <marc:datafield tag="700" ind1="1" ind2=" ">
         <marc:subfield code="a">Wright, Louis B.</marc:subfield>
         <marc:subfield code="q">(Louis Booker),</marc:subfield>
         <marc:subfield code="d">1899-1984.</marc:subfield>
      </marc:datafield>
      <marc:datafield tag="700" ind1="1" ind2=" ">
         <marc:subfield code="a">LaMar, Virginia A.</marc:subfield>
      </marc:datafield>
      <marc:datafield tag="906" ind1=" " ind2=" ">
         <marc:subfield code="a">7</marc:subfield>
         <marc:subfield code="b">cbc</marc:subfield>
         <marc:subfield code="c">oclcrpl</marc:subfield>
         <marc:subfield code="d">u</marc:subfield>
         <marc:subfield code="e">ncip</marc:subfield>
         <marc:subfield code="f">19</marc:subfield>
         <marc:subfield code="g">y-gencatlg</marc:subfield>
      </marc:datafield>
      <marc:datafield tag="990" ind1=" " ind2=" ">
         <marc:subfield code="a">823</marc:subfield>
      </marc:datafield>
      <marc:datafield tag="999" ind1=" " ind2=" ">
         <marc:subfield code="a">PR2812 .A2 W7 1960</marc:subfield>
         <marc:subfield code="w">LC</marc:subfield>
         <marc:subfield code="c">1</marc:subfield>
         <marc:subfield code="i">30173000077957</marc:subfield>
         <marc:subfield code="d">9/21/2010</marc:subfield>
         <marc:subfield code="f">9/21/2010</marc:subfield>
         <marc:subfield code="g">2</marc:subfield>
         <marc:subfield code="l">STACKS</marc:subfield>
         <marc:subfield code="m">DEGEN_ROOM</marc:subfield>
         <marc:subfield code="r">Y</marc:subfield>
         <marc:subfield code="s">Y</marc:subfield>
         <marc:subfield code="t">BOOK</marc:subfield>
         <marc:subfield code="u">6/3/2007</marc:subfield>
      </marc:datafield>
      <marc:datafield tag="999" ind1=" " ind2=" ">
         <marc:subfield code="a">PR2812 .A2 W7 1960</marc:subfield>
         <marc:subfield code="w">LC</marc:subfield>
         <marc:subfield code="c">2</marc:subfield>
         <marc:subfield code="i">30173000080381</marc:subfield>
         <marc:subfield code="d">9/21/2010</marc:subfield>
         <marc:subfield code="f">9/21/2010</marc:subfield>
         <marc:subfield code="g">2</marc:subfield>
         <marc:subfield code="l">STACKS</marc:subfield>
         <marc:subfield code="m">DEGEN_ROOM</marc:subfield>
         <marc:subfield code="r">Y</marc:subfield>
         <marc:subfield code="s">Y</marc:subfield>
         <marc:subfield code="t">BOOK</marc:subfield>
         <marc:subfield code="u">6/12/2007</marc:subfield>
      </marc:datafield>
   </marc:record>