
   <marc:record>
      <marc:leader>01293cam a22003011  4500</marc:leader>
      <marc:controlfield tag="005">20031117142149.0</marc:controlfield>
      <marc:controlfield tag="008">770920s1958    fluae    b    000 0 eng  </marc:controlfield>
      <marc:datafield tag="010" ind1=" " ind2=" ">
         <marc:subfield code="a">   58014141</marc:subfield>
      </marc:datafield>
      <marc:datafield tag="041" ind1="1" ind2=" ">
         <marc:subfield code="a">eng</marc:subfield>
         <marc:subfield code="h">mul</marc:subfield>
      </marc:datafield>
      <marc:datafield tag="082" ind1=" " ind2=" ">
         <marc:subfield code="a">792.025</marc:subfield>
      </marc:datafield>
      <marc:datafield tag="100" ind1="1" ind2=" ">
         <marc:subfield code="a">Serlio, Sebastiano,</marc:subfield>
         <marc:subfield code="d">1475-1554.</marc:subfield>
      </marc:datafield>
      <marc:datafield tag="245" ind1="1" ind2="4">
         <marc:subfield code="a">The Renaissance stage:</marc:subfield>
         <marc:subfield code="b">documents of Serlio, Sabbattini and Furttenbach.</marc:subfield>
         <marc:subfield code="c">Translated by Allardyce Nicoll, John H. McDowell [and] George R. Kernodle. Edited by Barnard Hewitt.</marc:subfield>
      </marc:datafield>
      <marc:datafield tag="260" ind1=" " ind2=" ">
         <marc:subfield code="a">Coral Gables, Fla.,</marc:subfield>
         <marc:subfield code="b">University of Miami Press,</marc:subfield>
         <marc:subfield code="c">1958.</marc:subfield>
      </marc:datafield>
      <marc:datafield tag="300" ind1=" " ind2=" ">
         <marc:subfield code="a">ix, 256 p.</marc:subfield>
         <marc:subfield code="b">illus., diagrs., plans.</marc:subfield>
         <marc:subfield code="c">25 cm.</marc:subfield>
      </marc:datafield>
      <marc:datafield tag="440" ind1=" " ind2="0">
         <marc:subfield code="a">Books of the theatre series,</marc:subfield>
         <marc:subfield code="v">no. 1</marc:subfield>
      </marc:datafield>
      <marc:datafield tag="500" ind1=" " ind2=" ">
         <marc:subfield code="a">"The present translations grew out of Allardyce Nicolls seminars in theatre history at Yale in the years 1934-1936."</marc:subfield>
      </marc:datafield>
      <marc:datafield tag="504" ind1=" " ind2=" ">
         <marc:subfield code="a">Bibliographical footnotes.</marc:subfield>
      </marc:datafield>
      <marc:datafield tag="650" ind1=" " ind2="0">
         <marc:subfield code="a">Theaters</marc:subfield>
         <marc:subfield code="x">Stage-setting and scenery.</marc:subfield>
      </marc:datafield>
      <marc:datafield tag="650" ind1=" " ind2="0">
         <marc:subfield code="a">Theater</marc:subfield>
         <marc:subfield code="z">Italy</marc:subfield>
         <marc:subfield code="x">History.</marc:subfield>
      </marc:datafield>
      <marc:datafield tag="700" ind1="1" ind2=" ">
         <marc:subfield code="a">Furttenbach, Joseph,</marc:subfield>
         <marc:subfield code="d">1591-1667.</marc:subfield>
      </marc:datafield>
      <marc:datafield tag="700" ind1="1" ind2=" ">
         <marc:subfield code="a">Sabbattini, Nicola,</marc:subfield>
         <marc:subfield code="d">ca. 1575-1654.</marc:subfield>
      </marc:datafield>
      <marc:datafield tag="700" ind1="1" ind2=" ">
         <marc:subfield code="a">Hewitt, Barnard,</marc:subfield>
         <marc:subfield code="d">1906-</marc:subfield>
         <marc:subfield code="e">ed.</marc:subfield>
      </marc:datafield>
      <marc:datafield tag="990" ind1=" " ind2=" ">
         <marc:subfield code="a">828</marc:subfield>
      </marc:datafield>
      <marc:datafield tag="999" ind1=" " ind2=" ">
         <marc:subfield code="a">PN2091 .S8 S48</marc:subfield>
         <marc:subfield code="w">LC</marc:subfield>
         <marc:subfield code="c">1</marc:subfield>
         <marc:subfield code="i">30173000078013</marc:subfield>
         <marc:subfield code="d">10/10/2010</marc:subfield>
         <marc:subfield code="f">10/10/2010</marc:subfield>
         <marc:subfield code="g">2</marc:subfield>
         <marc:subfield code="l">STACKS</marc:subfield>
         <marc:subfield code="m">DEGEN_ROOM</marc:subfield>
         <marc:subfield code="r">Y</marc:subfield>
         <marc:subfield code="s">Y</marc:subfield>
         <marc:subfield code="t">BOOK</marc:subfield>
         <marc:subfield code="u">6/3/2007</marc:subfield>
      </marc:datafield>
   </marc:record>