
   <marc:record>
      <marc:leader>00778cam a22002291  4500</marc:leader>
      <marc:controlfield tag="005">20040628111532.0</marc:controlfield>
      <marc:controlfield tag="008">720523s1961    miua          000 0 eng  </marc:controlfield>
      <marc:datafield tag="010" ind1=" " ind2=" ">
         <marc:subfield code="a">   61012768</marc:subfield>
      </marc:datafield>
      <marc:datafield tag="041" ind1="1" ind2=" ">
         <marc:subfield code="a">eng</marc:subfield>
         <marc:subfield code="h">grc</marc:subfield>
      </marc:datafield>
      <marc:datafield tag="100" ind1="0" ind2=" ">
         <marc:subfield code="a">Aristophanes.</marc:subfield>
      </marc:datafield>
      <marc:datafield tag="245" ind1="1" ind2="4">
         <marc:subfield code="a">The Acharnians.</marc:subfield>
         <marc:subfield code="c">Translated by Douglass Parker, with sketches by Geraldine Sakall.</marc:subfield>
      </marc:datafield>
      <marc:datafield tag="260" ind1=" " ind2=" ">
         <marc:subfield code="a">Ann Arbor,</marc:subfield>
         <marc:subfield code="b">University of Michigan Press</marc:subfield>
         <marc:subfield code="c">[1961].</marc:subfield>
      </marc:datafield>
      <marc:datafield tag="300" ind1=" " ind2=" ">
         <marc:subfield code="a">112 p.</marc:subfield>
         <marc:subfield code="b">illus.</marc:subfield>
         <marc:subfield code="c">24 cm.</marc:subfield>
      </marc:datafield>
      <marc:datafield tag="490" ind1="0" ind2=" ">
         <marc:subfield code="a">The Complete Greek comedy.</marc:subfield>
      </marc:datafield>
      <marc:datafield tag="650" ind1=" " ind2="0">
         <marc:subfield code="a">Peace treaties</marc:subfield>
         <marc:subfield code="v">Drama.</marc:subfield>
      </marc:datafield>
      <marc:datafield tag="655" ind1=" " ind2="7">
         <marc:subfield code="a">Comedies.</marc:subfield>
         <marc:subfield code="2">gsafd</marc:subfield>
      </marc:datafield>
      <marc:datafield tag="700" ind1="1" ind2=" ">
         <marc:subfield code="a">Parker, Douglass.</marc:subfield>
      </marc:datafield>
      <marc:datafield tag="990" ind1=" " ind2=" ">
         <marc:subfield code="a">845</marc:subfield>
      </marc:datafield>
      <marc:datafield tag="999" ind1=" " ind2=" ">
         <marc:subfield code="a">PA3877 .A6 1961</marc:subfield>
         <marc:subfield code="w">LC</marc:subfield>
         <marc:subfield code="c">1</marc:subfield>
         <marc:subfield code="i">30173000078237</marc:subfield>
         <marc:subfield code="d">3/30/2017</marc:subfield>
         <marc:subfield code="f">3/30/2017</marc:subfield>
         <marc:subfield code="g">3</marc:subfield>
         <marc:subfield code="l">STACKS</marc:subfield>
         <marc:subfield code="m">DEGEN_ROOM</marc:subfield>
         <marc:subfield code="r">Y</marc:subfield>
         <marc:subfield code="s">Y</marc:subfield>
         <marc:subfield code="t">BOOK</marc:subfield>
         <marc:subfield code="u">6/3/2007</marc:subfield>
      </marc:datafield>
   </marc:record>