
   <marc:record>
      <marc:leader>00767cam a22002051  4500</marc:leader>
      <marc:controlfield tag="005">19740624000000.0</marc:controlfield>
      <marc:controlfield tag="008">731207s1966    enkacf   b    000 0beng  </marc:controlfield>
      <marc:datafield tag="010" ind1=" " ind2=" ">
         <marc:subfield code="a">   67070676</marc:subfield>
      </marc:datafield>
      <marc:datafield tag="041" ind1="1" ind2=" ">
         <marc:subfield code="a">engfre</marc:subfield>
      </marc:datafield>
      <marc:datafield tag="100" ind1="1" ind2=" ">
         <marc:subfield code="a">Bablet, Denis.</marc:subfield>
      </marc:datafield>
      <marc:datafield tag="245" ind1="0" ind2="0">
         <marc:subfield code="a">Edward Gordon Craig;</marc:subfield>
         <marc:subfield code="c">translated [from the French] by Daphne Woodward.</marc:subfield>
      </marc:datafield>
      <marc:datafield tag="260" ind1=" " ind2=" ">
         <marc:subfield code="a">London,</marc:subfield>
         <marc:subfield code="b">Heinemann,</marc:subfield>
         <marc:subfield code="c">1966.</marc:subfield>
      </marc:datafield>
      <marc:datafield tag="300" ind1=" " ind2=" ">
         <marc:subfield code="a">ix, 207 p.</marc:subfield>
         <marc:subfield code="b">illus., 24 plates (incl. ports.).</marc:subfield>
         <marc:subfield code="c">22 1/2 cm.</marc:subfield>
      </marc:datafield>
      <marc:datafield tag="504" ind1=" " ind2=" ">
         <marc:subfield code="a">Includes bibliographical references.</marc:subfield>
      </marc:datafield>
      <marc:datafield tag="600" ind1="1" ind2="0">
         <marc:subfield code="a">Craig, Edward Gordon,</marc:subfield>
         <marc:subfield code="d">1872-1966.</marc:subfield>
      </marc:datafield>
      <marc:datafield tag="650" ind1=" " ind2="0">
         <marc:subfield code="a">Theaters</marc:subfield>
         <marc:subfield code="x">Stage-setting and scenery.</marc:subfield>
      </marc:datafield>
      <marc:datafield tag="990" ind1=" " ind2=" ">
         <marc:subfield code="a">852</marc:subfield>
      </marc:datafield>
      <marc:datafield tag="999" ind1=" " ind2=" ">
         <marc:subfield code="a">PN2091 .S8 B223 1966</marc:subfield>
         <marc:subfield code="w">LC</marc:subfield>
         <marc:subfield code="c">1</marc:subfield>
         <marc:subfield code="i">30173000078302</marc:subfield>
         <marc:subfield code="d">10/10/2010</marc:subfield>
         <marc:subfield code="f">10/10/2010</marc:subfield>
         <marc:subfield code="g">2</marc:subfield>
         <marc:subfield code="l">STACKS</marc:subfield>
         <marc:subfield code="m">DEGEN_ROOM</marc:subfield>
         <marc:subfield code="r">Y</marc:subfield>
         <marc:subfield code="s">Y</marc:subfield>
         <marc:subfield code="t">BOOK</marc:subfield>
         <marc:subfield code="u">6/3/2007</marc:subfield>
      </marc:datafield>
   </marc:record>