
   <marc:record>
      <marc:leader>00627cam a2200193u  4500</marc:leader>
      <marc:controlfield tag="005">00000000000000.0</marc:controlfield>
      <marc:controlfield tag="008">841203s1922    enk           000 0 eng  </marc:controlfield>
      <marc:datafield tag="010" ind1=" " ind2=" ">
         <marc:subfield code="a">unk84156189</marc:subfield>
      </marc:datafield>
      <marc:datafield tag="040" ind1=" " ind2=" ">
         <marc:subfield code="a">DLC</marc:subfield>
         <marc:subfield code="c">CarP</marc:subfield>
         <marc:subfield code="d">DLC</marc:subfield>
      </marc:datafield>
      <marc:datafield tag="100" ind1="1" ind2=" ">
         <marc:subfield code="a">Walbrook, H. M. [from old catalog]</marc:subfield>
      </marc:datafield>
      <marc:datafield tag="245" ind1="0" ind2="0">
         <marc:subfield code="a">Gilbert &amp; Sullivan opera.</marc:subfield>
         <marc:subfield code="b">A history and comment...</marc:subfield>
      </marc:datafield>
      <marc:datafield tag="260" ind1=" " ind2=" ">
         <marc:subfield code="a">London,</marc:subfield>
         <marc:subfield code="b">F. V. White &amp; Co.,</marc:subfield>
         <marc:subfield code="c">1922.</marc:subfield>
      </marc:datafield>
      <marc:datafield tag="300" ind1=" " ind2=" ">
         <marc:subfield code="a">154 p.</marc:subfield>
         <marc:subfield code="b">cm.</marc:subfield>
      </marc:datafield>
      <marc:datafield tag="990" ind1=" " ind2=" ">
         <marc:subfield code="a">856</marc:subfield>
      </marc:datafield>
      <marc:datafield tag="999" ind1=" " ind2=" ">
         <marc:subfield code="a">ML410 .S95 W2</marc:subfield>
         <marc:subfield code="w">LC</marc:subfield>
         <marc:subfield code="c">1</marc:subfield>
         <marc:subfield code="i">30173000078351</marc:subfield>
         <marc:subfield code="d">3/1/2017</marc:subfield>
         <marc:subfield code="f">3/1/2017</marc:subfield>
         <marc:subfield code="g">3</marc:subfield>
         <marc:subfield code="l">STACKS</marc:subfield>
         <marc:subfield code="m">DEGEN_ROOM</marc:subfield>
         <marc:subfield code="r">Y</marc:subfield>
         <marc:subfield code="s">Y</marc:subfield>
         <marc:subfield code="t">BOOK</marc:subfield>
         <marc:subfield code="u">6/4/2007</marc:subfield>
      </marc:datafield>
   </marc:record>