
   <marc:record>
      <marc:leader>00781cam a22002293a 4500</marc:leader>
      <marc:controlfield tag="005">20060930095641.0</marc:controlfield>
      <marc:controlfield tag="008">060927s1993    nyu           000 0 eng d</marc:controlfield>
      <marc:datafield tag="010" ind1=" " ind2=" ">
         <marc:subfield code="a">  2006491825</marc:subfield>
      </marc:datafield>
      <marc:datafield tag="020" ind1=" " ind2=" ">
         <marc:subfield code="a">0881451045 (pbk.)</marc:subfield>
      </marc:datafield>
      <marc:datafield tag="097" ind1="1" ind2="4">
         <marc:subfield code="a">PS3561.R253</marc:subfield>
         <marc:subfield code="b">W52 1993</marc:subfield>
      </marc:datafield>
      <marc:datafield tag="100" ind1="1" ind2=" ">
         <marc:subfield code="a">Kramer, Sherry.</marc:subfield>
      </marc:datafield>
      <marc:datafield tag="240" ind1="1" ind2="0">
         <marc:subfield code="a">What a man weighs</marc:subfield>
      </marc:datafield>
      <marc:datafield tag="245" ind1="1" ind2="0">
         <marc:subfield code="a">What a man weighs /</marc:subfield>
         <marc:subfield code="c">Sherry Kramer.</marc:subfield>
      </marc:datafield>
      <marc:datafield tag="260" ind1=" " ind2=" ">
         <marc:subfield code="a">NY [i.e. New York], NY :</marc:subfield>
         <marc:subfield code="b">Broadway Play Pub.,</marc:subfield>
         <marc:subfield code="c">1993.</marc:subfield>
      </marc:datafield>
      <marc:datafield tag="300" ind1=" " ind2=" ">
         <marc:subfield code="a">107 p. ;</marc:subfield>
         <marc:subfield code="c">22 cm.</marc:subfield>
      </marc:datafield>
      <marc:datafield tag="500" ind1=" " ind2=" ">
         <marc:subfield code="a">Plays; 3 women, 1 man (What a man weighs).</marc:subfield>
      </marc:datafield>
      <marc:datafield tag="740" ind1="0" ind2="2">
         <marc:subfield code="a">What a man weighs.</marc:subfield>
      </marc:datafield>
      <marc:datafield tag="990" ind1=" " ind2=" ">
         <marc:subfield code="a">868</marc:subfield>
      </marc:datafield>
      <marc:datafield tag="999" ind1=" " ind2=" ">
         <marc:subfield code="a">PS3561.R253 W52 1993</marc:subfield>
         <marc:subfield code="w">LC</marc:subfield>
         <marc:subfield code="c">1</marc:subfield>
         <marc:subfield code="i">30173000078542</marc:subfield>
         <marc:subfield code="d">9/28/2010</marc:subfield>
         <marc:subfield code="f">9/28/2010</marc:subfield>
         <marc:subfield code="g">2</marc:subfield>
         <marc:subfield code="l">STACKS</marc:subfield>
         <marc:subfield code="m">DEGEN_ROOM</marc:subfield>
         <marc:subfield code="r">Y</marc:subfield>
         <marc:subfield code="s">Y</marc:subfield>
         <marc:subfield code="t">BOOK</marc:subfield>
         <marc:subfield code="u">6/4/2007</marc:subfield>
      </marc:datafield>
   </marc:record>