
   <marc:record>
      <marc:leader>01755cam a22002411  4500</marc:leader>
      <marc:controlfield tag="005">20050415200739.0</marc:controlfield>
      <marc:controlfield tag="008">751212s1946    nyu           000 0 eng  </marc:controlfield>
      <marc:datafield tag="010" ind1=" " ind2=" ">
         <marc:subfield code="a">   47005232</marc:subfield>
      </marc:datafield>
      <marc:datafield tag="100" ind1="1" ind2=" ">
         <marc:subfield code="a">Cerf, Bennett,</marc:subfield>
         <marc:subfield code="d">1898-1971,</marc:subfield>
         <marc:subfield code="e">comp.</marc:subfield>
      </marc:datafield>
      <marc:datafield tag="245" ind1="1" ind2="0">
         <marc:subfield code="a">S.R.O.;</marc:subfield>
         <marc:subfield code="b">the most successful plays in the history of the American stage,</marc:subfield>
         <marc:subfield code="c"> compiled by Bennett Cerf and Van H. Cartmell; introduction by John Chapman.</marc:subfield>
      </marc:datafield>
      <marc:datafield tag="260" ind1=" " ind2=" ">
         <marc:subfield code="a">Garden City, N.Y.,</marc:subfield>
         <marc:subfield code="b">Garden City publishing co., inc.</marc:subfield>
         <marc:subfield code="c">[1946]</marc:subfield>
      </marc:datafield>
      <marc:datafield tag="300" ind1=" " ind2=" ">
         <marc:subfield code="a">xvii, 920 p.</marc:subfield>
         <marc:subfield code="c">22 cm.</marc:subfield>
      </marc:datafield>
      <marc:datafield tag="500" ind1=" " ind2=" ">
         <marc:subfield code="a">On spine: The most successful plays.</marc:subfield>
      </marc:datafield>
      <marc:datafield tag="500" ind1=" " ind2=" ">
         <marc:subfield code="a">"Garden City publishing co. reprint edition 1946."</marc:subfield>
      </marc:datafield>
      <marc:datafield tag="505" ind1="0" ind2=" ">
         <marc:subfield code="a">The old-timers: Uncle Tom's cabin, by Harriet B. Stowe (revised version by A. E. Thomas)  East Lynne, by Mrs. Henry Wood.  The two orphans, by Adolphe d'Ennery and Eugene Cormon.--Starring vehicles: The old homestead, by Denman Thompson.  Rip Van Winkle, as played by Joseph Jefferson.  The man from home, by Booth Tarkington and H. L. Wilson.--Not so long ago: Peg o' my heart, by J. H. Manners.  Lightnin', by Winchell Smith and Frank Bacon.  The bat, by Mary R. Rinehart and Avery Hopwood.--You can't laugh them off: Abie's Irish Rose, by Anne Nichols.  Tobacco road, by Erskine Caldwell.--Today and forever: Life with father, by Howard Lindsay and Russel Crouse.  Arsenic and old lace, by Joseph Kesselring.  Oklahoma!  By Richard Rodgers and Oscar Hammerstein, II.--Bibliographical notes.</marc:subfield>
      </marc:datafield>
      <marc:datafield tag="650" ind1=" " ind2="0">
         <marc:subfield code="a">American drama.</marc:subfield>
      </marc:datafield>
      <marc:datafield tag="700" ind1="1" ind2=" ">
         <marc:subfield code="a">Cartmell, Van Henry,</marc:subfield>
         <marc:subfield code="d">1896-</marc:subfield>
         <marc:subfield code="e">joint comp.</marc:subfield>
      </marc:datafield>
      <marc:datafield tag="990" ind1=" " ind2=" ">
         <marc:subfield code="a">873</marc:subfield>
      </marc:datafield>
      <marc:datafield tag="999" ind1=" " ind2=" ">
         <marc:subfield code="a">PS625 .C4 1946</marc:subfield>
         <marc:subfield code="w">LC</marc:subfield>
         <marc:subfield code="c">1</marc:subfield>
         <marc:subfield code="i">30173000078609</marc:subfield>
         <marc:subfield code="d">9/27/2010</marc:subfield>
         <marc:subfield code="f">9/27/2010</marc:subfield>
         <marc:subfield code="g">2</marc:subfield>
         <marc:subfield code="l">STACKS</marc:subfield>
         <marc:subfield code="m">DEGEN_ROOM</marc:subfield>
         <marc:subfield code="r">Y</marc:subfield>
         <marc:subfield code="s">Y</marc:subfield>
         <marc:subfield code="t">BOOK</marc:subfield>
         <marc:subfield code="u">6/4/2007</marc:subfield>
      </marc:datafield>
   </marc:record>