
   <marc:record>
      <marc:leader>01143cam a2200241   4500</marc:leader>
      <marc:controlfield tag="005">20050406145245.0</marc:controlfield>
      <marc:controlfield tag="008">821210s1901    nyuc          000 0 eng  </marc:controlfield>
      <marc:datafield tag="010" ind1=" " ind2=" ">
         <marc:subfield code="a">   01026550</marc:subfield>
      </marc:datafield>
      <marc:datafield tag="051" ind1=" " ind2=" ">
         <marc:subfield code="a">JK1881</marc:subfield>
         <marc:subfield code="b">.N357 sec. III, no. 17</marc:subfield>
         <marc:subfield code="c">Another copy. Bookplate of Carrie Chapman Catt inside front cover. Gift of the National American Woman Suffrage Association, Nov. 1, 1938.</marc:subfield>
      </marc:datafield>
      <marc:datafield tag="100" ind1="1" ind2=" ">
         <marc:subfield code="a">Morris, Clara,</marc:subfield>
         <marc:subfield code="d">1848-1925.</marc:subfield>
      </marc:datafield>
      <marc:datafield tag="245" ind1="1" ind2="0">
         <marc:subfield code="a">Life on the stage;</marc:subfield>
         <marc:subfield code="b">my personal experiences and recollections.</marc:subfield>
      </marc:datafield>
      <marc:datafield tag="260" ind1=" " ind2=" ">
         <marc:subfield code="a">New York,</marc:subfield>
         <marc:subfield code="b">McClure, Phillips &amp; co.,</marc:subfield>
         <marc:subfield code="c">1901.</marc:subfield>
      </marc:datafield>
      <marc:datafield tag="300" ind1=" " ind2=" ">
         <marc:subfield code="a">xv, 399 p.</marc:subfield>
         <marc:subfield code="b">front. (port.)</marc:subfield>
         <marc:subfield code="c">20 cm.</marc:subfield>
      </marc:datafield>
      <marc:datafield tag="600" ind1="1" ind2="0">
         <marc:subfield code="a">Morris, Clara,</marc:subfield>
         <marc:subfield code="d">1848-1925.</marc:subfield>
      </marc:datafield>
      <marc:datafield tag="650" ind1=" " ind2="0">
         <marc:subfield code="a">Actors</marc:subfield>
         <marc:subfield code="v">Biography.</marc:subfield>
      </marc:datafield>
      <marc:datafield tag="700" ind1="1" ind2=" ">
         <marc:subfield code="a">Catt, Carrie Chapman,</marc:subfield>
         <marc:subfield code="d">1859-1947,</marc:subfield>
         <marc:subfield code="e">former owner.</marc:subfield>
         <marc:subfield code="5">DLC [from old catalog]</marc:subfield>
      </marc:datafield>
      <marc:datafield tag="710" ind1="2" ind2=" ">
         <marc:subfield code="a">National American Woman Suffrage Association Collection (Library of Congress)</marc:subfield>
         <marc:subfield code="5">DLC [from old catalog]</marc:subfield>
      </marc:datafield>
      <marc:datafield tag="906" ind1=" " ind2=" ">
         <marc:subfield code="a">0</marc:subfield>
         <marc:subfield code="b">cbc</marc:subfield>
         <marc:subfield code="c">premver</marc:subfield>
         <marc:subfield code="d">u</marc:subfield>
         <marc:subfield code="e">ncip</marc:subfield>
         <marc:subfield code="f">19</marc:subfield>
         <marc:subfield code="g">y-gencatlg</marc:subfield>
      </marc:datafield>
      <marc:datafield tag="990" ind1=" " ind2=" ">
         <marc:subfield code="a">874</marc:subfield>
      </marc:datafield>
      <marc:datafield tag="999" ind1=" " ind2=" ">
         <marc:subfield code="a">PN2287 .M7 A2 1901</marc:subfield>
         <marc:subfield code="w">LC</marc:subfield>
         <marc:subfield code="c">1</marc:subfield>
         <marc:subfield code="i">30173000078617</marc:subfield>
         <marc:subfield code="d">10/11/2010</marc:subfield>
         <marc:subfield code="f">10/11/2010</marc:subfield>
         <marc:subfield code="g">2</marc:subfield>
         <marc:subfield code="l">STACKS</marc:subfield>
         <marc:subfield code="m">DEGEN_ROOM</marc:subfield>
         <marc:subfield code="r">Y</marc:subfield>
         <marc:subfield code="s">Y</marc:subfield>
         <marc:subfield code="t">BOOK</marc:subfield>
         <marc:subfield code="u">6/4/2007</marc:subfield>
      </marc:datafield>
   </marc:record>