
   <marc:record>
      <marc:leader>01482cam a22003371  4500</marc:leader>
      <marc:controlfield tag="005">20060614103243.0</marc:controlfield>
      <marc:controlfield tag="008">790117r1957    enk           000 0 eng  </marc:controlfield>
      <marc:datafield tag="010" ind1=" " ind2=" ">
         <marc:subfield code="a">   60004556</marc:subfield>
      </marc:datafield>
      <marc:datafield tag="040" ind1=" " ind2=" ">
         <marc:subfield code="a">DLC</marc:subfield>
         <marc:subfield code="c">DLC</marc:subfield>
         <marc:subfield code="d">DLC</marc:subfield>
      </marc:datafield>
      <marc:datafield tag="043" ind1=" " ind2=" ">
         <marc:subfield code="a">e-uk---</marc:subfield>
      </marc:datafield>
      <marc:datafield tag="082" ind1="0" ind2="0">
         <marc:subfield code="a">820/.9</marc:subfield>
      </marc:datafield>
      <marc:datafield tag="100" ind1="1" ind2=" ">
         <marc:subfield code="a">Ford, Boris,</marc:subfield>
         <marc:subfield code="e">ed.</marc:subfield>
      </marc:datafield>
      <marc:datafield tag="240" ind1="1" ind2="0">
         <marc:subfield code="a">Guide to English literature</marc:subfield>
      </marc:datafield>
      <marc:datafield tag="245" ind1="1" ind2="4">
         <marc:subfield code="a">The Pelican guide to English literature.</marc:subfield>
      </marc:datafield>
      <marc:datafield tag="260" ind1=" " ind2=" ">
         <marc:subfield code="a">[Harmondsworth, Middlesex]</marc:subfield>
         <marc:subfield code="b">Penguin Books</marc:subfield>
         <marc:subfield code="c">[1957-62; v. 1, 1959]</marc:subfield>
      </marc:datafield>
      <marc:datafield tag="300" ind1=" " ind2=" ">
         <marc:subfield code="a">7 v.</marc:subfield>
         <marc:subfield code="c">18 cm.</marc:subfield>
      </marc:datafield>
      <marc:datafield tag="490" ind1="0" ind2=" ">
         <marc:subfield code="a">Pelican books, A290-A291, A379, A402, A413, A465</marc:subfield>
      </marc:datafield>
      <marc:datafield tag="500" ind1=" " ind2=" ">
         <marc:subfield code="a">Vol. 3, A guide to English literature, has imprint: London, Cassell, and is in the series, The Belle sauvage library.</marc:subfield>
      </marc:datafield>
      <marc:datafield tag="500" ind1=" " ind2=" ">
         <marc:subfield code="a">First published under title: A guide to English literature.</marc:subfield>
      </marc:datafield>
      <marc:datafield tag="505" ind1="0" ind2=" ">
         <marc:subfield code="a">1. The age of Chaucer.--2. The age of Shakespeare.--3. From Donne to Marvell.--4. From Dryden to Johnson.--5. From Blake to Byron.--6. From Dickens to Hardy.--7. The modern age.</marc:subfield>
      </marc:datafield>
      <marc:datafield tag="650" ind1=" " ind2="0">
         <marc:subfield code="a">English literature</marc:subfield>
         <marc:subfield code="x">History and criticism.</marc:subfield>
      </marc:datafield>
      <marc:datafield tag="651" ind1=" " ind2="0">
         <marc:subfield code="a">Great Britain</marc:subfield>
         <marc:subfield code="x">Intellectual life.</marc:subfield>
      </marc:datafield>
      <marc:datafield tag="906" ind1=" " ind2=" ">
         <marc:subfield code="a">7</marc:subfield>
         <marc:subfield code="b">cbc</marc:subfield>
         <marc:subfield code="c">orignew</marc:subfield>
         <marc:subfield code="d">1</marc:subfield>
         <marc:subfield code="e">ocip</marc:subfield>
         <marc:subfield code="f">19</marc:subfield>
         <marc:subfield code="g">y-gencatlg</marc:subfield>
      </marc:datafield>
      <marc:datafield tag="925" ind1="0" ind2=" ">
         <marc:subfield code="a">acquire</marc:subfield>
         <marc:subfield code="b">2 shelf copies</marc:subfield>
         <marc:subfield code="x">policy default</marc:subfield>
      </marc:datafield>
      <marc:datafield tag="990" ind1=" " ind2=" ">
         <marc:subfield code="a">889</marc:subfield>
      </marc:datafield>
      <marc:datafield tag="999" ind1=" " ind2=" ">
         <marc:subfield code="a">PR83 .F62 1955</marc:subfield>
         <marc:subfield code="w">LC</marc:subfield>
         <marc:subfield code="c">1</marc:subfield>
         <marc:subfield code="i">30173000078831</marc:subfield>
         <marc:subfield code="d">9/21/2010</marc:subfield>
         <marc:subfield code="f">9/21/2010</marc:subfield>
         <marc:subfield code="g">2</marc:subfield>
         <marc:subfield code="l">STACKS</marc:subfield>
         <marc:subfield code="m">DEGEN_ROOM</marc:subfield>
         <marc:subfield code="r">Y</marc:subfield>
         <marc:subfield code="s">Y</marc:subfield>
         <marc:subfield code="t">BOOK</marc:subfield>
         <marc:subfield code="u">6/5/2007</marc:subfield>
      </marc:datafield>
   </marc:record>