
   <marc:record>
      <marc:leader>00800cam a2200205u  4500</marc:leader>
      <marc:controlfield tag="005">20010614122339.0</marc:controlfield>
      <marc:controlfield tag="008">811123s1888    enkafh        000 0beng  </marc:controlfield>
      <marc:datafield tag="010" ind1=" " ind2=" ">
         <marc:subfield code="a">   43019798</marc:subfield>
      </marc:datafield>
      <marc:datafield tag="100" ind1="1" ind2=" ">
         <marc:subfield code="a">Pemberton, Thomas Edgar,</marc:subfield>
         <marc:subfield code="d">1849-1905. [from old catalog]</marc:subfield>
      </marc:datafield>
      <marc:datafield tag="245" ind1="0" ind2="0">
         <marc:subfield code="a">Charles Dickens and the stage;</marc:subfield>
      </marc:datafield>
      <marc:datafield tag="260" ind1=" " ind2=" ">
         <marc:subfield code="a">London,</marc:subfield>
         <marc:subfield code="b">G. Redway,</marc:subfield>
         <marc:subfield code="c">1888.</marc:subfield>
      </marc:datafield>
      <marc:datafield tag="300" ind1=" " ind2=" ">
         <marc:subfield code="a">4 p.</marc:subfield>
         <marc:subfield code="b">l., 260 p. front., illus. (facsims.) plates.</marc:subfield>
         <marc:subfield code="c">20 cm.</marc:subfield>
      </marc:datafield>
      <marc:datafield tag="583" ind1=" " ind2=" ">
         <marc:subfield code="a">Replace;</marc:subfield>
         <marc:subfield code="z">LC copy replaced by preservation microfilm</marc:subfield>
         <marc:subfield code="5">DLC</marc:subfield>
      </marc:datafield>
      <marc:datafield tag="600" ind1="1" ind2="0">
         <marc:subfield code="a">Dickens, Charles,</marc:subfield>
         <marc:subfield code="d">1812-1870</marc:subfield>
         <marc:subfield code="x">Knowledge</marc:subfield>
         <marc:subfield code="x">Performing arts.</marc:subfield>
      </marc:datafield>
      <marc:datafield tag="650" ind1=" " ind2="0">
         <marc:subfield code="a">Theater. [from old catalog]</marc:subfield>
      </marc:datafield>
      <marc:datafield tag="990" ind1=" " ind2=" ">
         <marc:subfield code="a">891</marc:subfield>
      </marc:datafield>
      <marc:datafield tag="999" ind1=" " ind2=" ">
         <marc:subfield code="a">PR4575 .P4 1888</marc:subfield>
         <marc:subfield code="w">LC</marc:subfield>
         <marc:subfield code="c">1</marc:subfield>
         <marc:subfield code="i">30173000078856</marc:subfield>
         <marc:subfield code="d">9/23/2010</marc:subfield>
         <marc:subfield code="f">9/23/2010</marc:subfield>
         <marc:subfield code="g">2</marc:subfield>
         <marc:subfield code="l">STACKS</marc:subfield>
         <marc:subfield code="m">DEGEN_ROOM</marc:subfield>
         <marc:subfield code="r">Y</marc:subfield>
         <marc:subfield code="s">Y</marc:subfield>
         <marc:subfield code="t">BOOK</marc:subfield>
         <marc:subfield code="u">6/5/2007</marc:subfield>
      </marc:datafield>
   </marc:record>