
   <marc:record>
      <marc:leader>00736cam a22001931  4500</marc:leader>
      <marc:controlfield tag="005">20050909205539.0</marc:controlfield>
      <marc:controlfield tag="008">730517s1916    nyucfh        000 0aeng  </marc:controlfield>
      <marc:datafield tag="010" ind1=" " ind2=" ">
         <marc:subfield code="a">   16018618</marc:subfield>
      </marc:datafield>
      <marc:datafield tag="100" ind1="1" ind2=" ">
         <marc:subfield code="a">Sothern, E. H.</marc:subfield>
         <marc:subfield code="q">(Edward Hugh),</marc:subfield>
         <marc:subfield code="d">1859-1933.</marc:subfield>
      </marc:datafield>
      <marc:datafield tag="245" ind1="1" ind2="4">
         <marc:subfield code="a">The melancholy tale of "me";</marc:subfield>
         <marc:subfield code="b">my remembrances,</marc:subfield>
         <marc:subfield code="c">by Edward H. Sothern ...</marc:subfield>
      </marc:datafield>
      <marc:datafield tag="260" ind1=" " ind2=" ">
         <marc:subfield code="a">New York,</marc:subfield>
         <marc:subfield code="b">C. Scribner's Sons,</marc:subfield>
         <marc:subfield code="c">1916.</marc:subfield>
      </marc:datafield>
      <marc:datafield tag="300" ind1=" " ind2=" ">
         <marc:subfield code="a">xvi, 409 p.</marc:subfield>
         <marc:subfield code="b">front., plates, ports., facsims.</marc:subfield>
         <marc:subfield code="c">24 cm.</marc:subfield>
      </marc:datafield>
      <marc:datafield tag="650" ind1=" " ind2="0">
         <marc:subfield code="a">Actors</marc:subfield>
         <marc:subfield code="x">Correspondence, reminiscences, etc.</marc:subfield>
      </marc:datafield>
      <marc:datafield tag="990" ind1=" " ind2=" ">
         <marc:subfield code="a">892</marc:subfield>
      </marc:datafield>
      <marc:datafield tag="999" ind1=" " ind2=" ">
         <marc:subfield code="a">PN2287 .S65 A3</marc:subfield>
         <marc:subfield code="w">LC</marc:subfield>
         <marc:subfield code="c">1</marc:subfield>
         <marc:subfield code="i">30173000078864</marc:subfield>
         <marc:subfield code="d">11/22/2010</marc:subfield>
         <marc:subfield code="f">11/22/2010</marc:subfield>
         <marc:subfield code="g">1</marc:subfield>
         <marc:subfield code="l">STACKS</marc:subfield>
         <marc:subfield code="m">DEGEN_ROOM</marc:subfield>
         <marc:subfield code="r">Y</marc:subfield>
         <marc:subfield code="s">Y</marc:subfield>
         <marc:subfield code="t">BOOK</marc:subfield>
         <marc:subfield code="u">6/5/2007</marc:subfield>
      </marc:datafield>
   </marc:record>