
   <marc:record>
      <marc:leader>01215cam a2200301 a 4500</marc:leader>
      <marc:controlfield tag="005">20020710144514.0</marc:controlfield>
      <marc:controlfield tag="008">970402m19959999nhu           000 0 eng  </marc:controlfield>
      <marc:datafield tag="010" ind1=" " ind2=" ">
         <marc:subfield code="a">   97135328</marc:subfield>
      </marc:datafield>
      <marc:datafield tag="020" ind1=" " ind2=" ">
         <marc:subfield code="a">1880399881 (v. 1 : alk. paper)</marc:subfield>
      </marc:datafield>
      <marc:datafield tag="020" ind1=" " ind2=" ">
         <marc:subfield code="a">1575250276 (v. 2)</marc:subfield>
      </marc:datafield>
      <marc:datafield tag="100" ind1="1" ind2=" ">
         <marc:subfield code="a">Gurney, A. R.</marc:subfield>
         <marc:subfield code="q">(Albert Ramsdell),</marc:subfield>
         <marc:subfield code="d">1930-</marc:subfield>
      </marc:datafield>
      <marc:datafield tag="240" ind1="1" ind2="0">
         <marc:subfield code="a">Plays.  </marc:subfield>
         <marc:subfield code="k"> Selections</marc:subfield>
      </marc:datafield>
      <marc:datafield tag="245" ind1="1" ind2="0">
         <marc:subfield code="a">Collected plays.  </marc:subfield>
         <marc:subfield code="n"> Volume II,  </marc:subfield>
         <marc:subfield code="p"> 1974-1983 /  </marc:subfield>
         <marc:subfield code="c"> A.R. Gurney.</marc:subfield>
      </marc:datafield>
      <marc:datafield tag="246" ind1="1" ind2="4">
         <marc:subfield code="a">Collected plays 1974-1983</marc:subfield>
      </marc:datafield>
      <marc:datafield tag="250" ind1=" " ind2=" ">
         <marc:subfield code="a">1st ed.</marc:subfield>
      </marc:datafield>
      <marc:datafield tag="260" ind1=" " ind2=" ">
         <marc:subfield code="a">Lyme, N.H. :  </marc:subfield>
         <marc:subfield code="b"> Smith and Kraus,  </marc:subfield>
         <marc:subfield code="c"> 1997.</marc:subfield>
      </marc:datafield>
      <marc:datafield tag="300" ind1=" " ind2=" ">
         <marc:subfield code="a">ix, 342 p. ;  </marc:subfield>
         <marc:subfield code="c"> 22 cm.</marc:subfield>
      </marc:datafield>
      <marc:datafield tag="440" ind1=" " ind2="0">
         <marc:subfield code="a">Contemporary playwrights series</marc:subfield>
      </marc:datafield>
      <marc:datafield tag="490" ind1="1" ind2=" ">
         <marc:subfield code="a">Collected works / A.R. Gurney ;  </marc:subfield>
         <marc:subfield code="v"> vol. 2</marc:subfield>
      </marc:datafield>
      <marc:datafield tag="500" ind1=" " ind2=" ">
         <marc:subfield code="a">Cover title.</marc:subfield>
      </marc:datafield>
      <marc:datafield tag="505" ind1="0" ind2=" ">
         <marc:subfield code="a">Children -- Richard Cory -- The middle ages -- The Wayside Motor Inn -- The dining room -- What I did last summer.</marc:subfield>
      </marc:datafield>
      <marc:datafield tag="800" ind1="1" ind2=" ">
         <marc:subfield code="a">Gurney, A. R.  </marc:subfield>
         <marc:subfield code="q"> (Albert Ramsdell),  </marc:subfield>
         <marc:subfield code="d"> 1930-  </marc:subfield>
         <marc:subfield code="t"> Plays ;  </marc:subfield>
         <marc:subfield code="v"> vol. 2.</marc:subfield>
      </marc:datafield>
      <marc:datafield tag="830" ind1=" " ind2="0">
         <marc:subfield code="a">Plays for actors.</marc:subfield>
      </marc:datafield>
      <marc:datafield tag="990" ind1=" " ind2=" ">
         <marc:subfield code="a">899</marc:subfield>
      </marc:datafield>
      <marc:datafield tag="999" ind1=" " ind2=" ">
         <marc:subfield code="a">PS3557 .U82 A6 1995</marc:subfield>
         <marc:subfield code="w">LC</marc:subfield>
         <marc:subfield code="c">1</marc:subfield>
         <marc:subfield code="i">30173000078955</marc:subfield>
         <marc:subfield code="d">2/20/2017</marc:subfield>
         <marc:subfield code="e">2/1/2017</marc:subfield>
         <marc:subfield code="f">9/28/2010</marc:subfield>
         <marc:subfield code="g">2</marc:subfield>
         <marc:subfield code="l">STACKS</marc:subfield>
         <marc:subfield code="m">DEGEN_ROOM</marc:subfield>
         <marc:subfield code="n">2</marc:subfield>
         <marc:subfield code="r">Y</marc:subfield>
         <marc:subfield code="s">Y</marc:subfield>
         <marc:subfield code="t">BOOK</marc:subfield>
         <marc:subfield code="u">6/5/2007</marc:subfield>
      </marc:datafield>
   </marc:record>