
   <marc:record>
      <marc:leader>00953cam a22002653a 4500</marc:leader>
      <marc:controlfield tag="005">20060914194913.0</marc:controlfield>
      <marc:controlfield tag="008">060908s1999    iluc          000 d eng d</marc:controlfield>
      <marc:datafield tag="010" ind1=" " ind2=" ">
         <marc:subfield code="a">  2006468761</marc:subfield>
      </marc:datafield>
      <marc:datafield tag="020" ind1=" " ind2=" ">
         <marc:subfield code="a">0871299097 (pbk.)</marc:subfield>
      </marc:datafield>
      <marc:datafield tag="040" ind1=" " ind2=" ">
         <marc:subfield code="a">VPI</marc:subfield>
         <marc:subfield code="c">VPI</marc:subfield>
         <marc:subfield code="d">DLC</marc:subfield>
      </marc:datafield>
      <marc:datafield tag="097" ind1="1" ind2="4">
         <marc:subfield code="a">PS3558.E4523</marc:subfield>
         <marc:subfield code="b">H43 1999</marc:subfield>
      </marc:datafield>
      <marc:datafield tag="100" ind1="1" ind2=" ">
         <marc:subfield code="a">Heifner, Jack.</marc:subfield>
      </marc:datafield>
      <marc:datafield tag="245" ind1="1" ind2="0">
         <marc:subfield code="a">Heartbreak :</marc:subfield>
         <marc:subfield code="b">a play in two acts /</marc:subfield>
         <marc:subfield code="c">by Jack Heifner.</marc:subfield>
      </marc:datafield>
      <marc:datafield tag="260" ind1=" " ind2=" ">
         <marc:subfield code="a">Woodstock, Ill. :</marc:subfield>
         <marc:subfield code="b">Dramatic Pub.,</marc:subfield>
         <marc:subfield code="c">c1999.</marc:subfield>
      </marc:datafield>
      <marc:datafield tag="300" ind1=" " ind2=" ">
         <marc:subfield code="a">86 p. :</marc:subfield>
         <marc:subfield code="b">port. ;</marc:subfield>
         <marc:subfield code="c">19 cm.</marc:subfield>
      </marc:datafield>
      <marc:datafield tag="906" ind1=" " ind2=" ">
         <marc:subfield code="a">7</marc:subfield>
         <marc:subfield code="b">cbc</marc:subfield>
         <marc:subfield code="c">copycat</marc:subfield>
         <marc:subfield code="d">4</marc:subfield>
         <marc:subfield code="e">ncip</marc:subfield>
         <marc:subfield code="f">20</marc:subfield>
         <marc:subfield code="g">y-gencatlg</marc:subfield>
      </marc:datafield>
      <marc:datafield tag="923" ind1=" " ind2=" ">
         <marc:subfield code="a">Copyright Deposite</marc:subfield>
      </marc:datafield>
      <marc:datafield tag="925" ind1="0" ind2=" ">
         <marc:subfield code="a">acquire</marc:subfield>
         <marc:subfield code="b">1 shelf copy</marc:subfield>
         <marc:subfield code="x">policy default</marc:subfield>
      </marc:datafield>
      <marc:datafield tag="985" ind1=" " ind2=" ">
         <marc:subfield code="e">Reorg P</marc:subfield>
      </marc:datafield>
      <marc:datafield tag="990" ind1=" " ind2=" ">
         <marc:subfield code="a">900</marc:subfield>
      </marc:datafield>
      <marc:datafield tag="999" ind1=" " ind2=" ">
         <marc:subfield code="a">PS3558.E4523 H43 1999</marc:subfield>
         <marc:subfield code="w">LC</marc:subfield>
         <marc:subfield code="c">1</marc:subfield>
         <marc:subfield code="i">30173000078963</marc:subfield>
         <marc:subfield code="d">9/28/2010</marc:subfield>
         <marc:subfield code="f">9/28/2010</marc:subfield>
         <marc:subfield code="g">2</marc:subfield>
         <marc:subfield code="l">STACKS</marc:subfield>
         <marc:subfield code="m">DEGEN_ROOM</marc:subfield>
         <marc:subfield code="r">Y</marc:subfield>
         <marc:subfield code="s">Y</marc:subfield>
         <marc:subfield code="t">BOOK</marc:subfield>
         <marc:subfield code="u">6/5/2007</marc:subfield>
      </marc:datafield>
   </marc:record>