
   <marc:record>
      <marc:leader>01012cam a22002651  4500</marc:leader>
      <marc:controlfield tag="005">20050909162104.0</marc:controlfield>
      <marc:controlfield tag="008">760112s1898    mau           000 0 fre  </marc:controlfield>
      <marc:datafield tag="010" ind1=" " ind2=" ">
         <marc:subfield code="a">   98001500</marc:subfield>
      </marc:datafield>
      <marc:datafield tag="040" ind1=" " ind2=" ">
         <marc:subfield code="a">DLC</marc:subfield>
         <marc:subfield code="c">FJ</marc:subfield>
         <marc:subfield code="d">OCoLC</marc:subfield>
         <marc:subfield code="d">DLC</marc:subfield>
      </marc:datafield>
      <marc:datafield tag="042" ind1=" " ind2=" ">
         <marc:subfield code="a">premarc</marc:subfield>
      </marc:datafield>
      <marc:datafield tag="100" ind1="1" ind2=" ">
         <marc:subfield code="a">Dumas, Alexandre,</marc:subfield>
         <marc:subfield code="d">1824-1895.</marc:subfield>
      </marc:datafield>
      <marc:datafield tag="245" ind1="1" ind2="3">
         <marc:subfield code="a">La question d'argent;</marc:subfield>
         <marc:subfield code="b">comedie en cinq actes,</marc:subfield>
         <marc:subfield code="c">par Alexandre Dumas fils; ed. with introduction and notes by George N. Henning ...</marc:subfield>
      </marc:datafield>
      <marc:datafield tag="260" ind1=" " ind2=" ">
         <marc:subfield code="a">Boston,</marc:subfield>
         <marc:subfield code="b">D.C. Heath &amp; Co.,</marc:subfield>
         <marc:subfield code="c">1898.</marc:subfield>
      </marc:datafield>
      <marc:datafield tag="300" ind1=" " ind2=" ">
         <marc:subfield code="a">xii p., 1 l., 162 p.</marc:subfield>
         <marc:subfield code="c">19 cm.</marc:subfield>
      </marc:datafield>
      <marc:datafield tag="490" ind1="0" ind2=" ">
         <marc:subfield code="a">Heath's modern language series</marc:subfield>
      </marc:datafield>
      <marc:datafield tag="700" ind1="1" ind2=" ">
         <marc:subfield code="a">Henning, George Neely,</marc:subfield>
         <marc:subfield code="d">1871-</marc:subfield>
         <marc:subfield code="e">ed.</marc:subfield>
      </marc:datafield>
      <marc:datafield tag="906" ind1=" " ind2=" ">
         <marc:subfield code="a">7</marc:subfield>
         <marc:subfield code="b">cbc</marc:subfield>
         <marc:subfield code="c">oclcrpl</marc:subfield>
         <marc:subfield code="d">u</marc:subfield>
         <marc:subfield code="e">ncip</marc:subfield>
         <marc:subfield code="f">18</marc:subfield>
         <marc:subfield code="g">y-gencatlg</marc:subfield>
      </marc:datafield>
      <marc:datafield tag="985" ind1=" " ind2=" ">
         <marc:subfield code="e">OCLC REPLACEMENT cdsdistr</marc:subfield>
      </marc:datafield>
      <marc:datafield tag="990" ind1=" " ind2=" ">
         <marc:subfield code="a">917</marc:subfield>
      </marc:datafield>
      <marc:datafield tag="999" ind1=" " ind2=" ">
         <marc:subfield code="a">PQ2231 .Q4 1898</marc:subfield>
         <marc:subfield code="w">LC</marc:subfield>
         <marc:subfield code="c">1</marc:subfield>
         <marc:subfield code="i">30173000079144</marc:subfield>
         <marc:subfield code="d">9/21/2010</marc:subfield>
         <marc:subfield code="f">9/21/2010</marc:subfield>
         <marc:subfield code="g">2</marc:subfield>
         <marc:subfield code="l">STACKS</marc:subfield>
         <marc:subfield code="m">DEGEN_ROOM</marc:subfield>
         <marc:subfield code="r">Y</marc:subfield>
         <marc:subfield code="s">Y</marc:subfield>
         <marc:subfield code="t">BOOK</marc:subfield>
         <marc:subfield code="u">6/6/2007</marc:subfield>
      </marc:datafield>
   </marc:record>