
   <marc:record>
      <marc:leader>01016cam a2200241u  4500</marc:leader>
      <marc:controlfield tag="005">20050609130322.0</marc:controlfield>
      <marc:controlfield tag="008">840814m18941895fr            000 0 fre  </marc:controlfield>
      <marc:datafield tag="100" ind1="1" ind2=" ">
         <marc:subfield code="a">Dumas, Alexandre,</marc:subfield>
         <marc:subfield code="d">1824-1895.</marc:subfield>
      </marc:datafield>
      <marc:datafield tag="245" ind1="1" ind2="0">
         <marc:subfield code="a">Theatre complet avec prefaces inedites.</marc:subfield>
         <marc:subfield code="b">Theatre des autres ...</marc:subfield>
      </marc:datafield>
      <marc:datafield tag="260" ind1=" " ind2=" ">
         <marc:subfield code="a">Paris,</marc:subfield>
         <marc:subfield code="b">Calmann Levy,</marc:subfield>
         <marc:subfield code="c">1894-95.</marc:subfield>
      </marc:datafield>
      <marc:datafield tag="300" ind1=" " ind2=" ">
         <marc:subfield code="a">2 v.</marc:subfield>
         <marc:subfield code="c">19 cm.</marc:subfield>
      </marc:datafield>
      <marc:datafield tag="700" ind1="1" ind2=" ">
         <marc:subfield code="a">Vivier, Eugene Leon,</marc:subfield>
         <marc:subfield code="d">1821-1900. [from old catalog]</marc:subfield>
      </marc:datafield>
      <marc:datafield tag="700" ind1="1" ind2=" ">
         <marc:subfield code="a">Girardin, Emile de,</marc:subfield>
         <marc:subfield code="d">1806-1881. [from old catalog]</marc:subfield>
      </marc:datafield>
      <marc:datafield tag="700" ind1="1" ind2=" ">
         <marc:subfield code="a">Durantin, Armand,</marc:subfield>
         <marc:subfield code="d">1818-1892. [from old catalog]</marc:subfield>
      </marc:datafield>
      <marc:datafield tag="700" ind1="1" ind2=" ">
         <marc:subfield code="a">Francois, XXX. [from old catalog]</marc:subfield>
      </marc:datafield>
      <marc:datafield tag="700" ind1="2" ind2=" ">
         <marc:subfield code="a">Korvin-Krukovskii, Petr,</marc:subfield>
         <marc:subfield code="d">1844-1899. [from old catalog]</marc:subfield>
      </marc:datafield>
      <marc:datafield tag="700" ind1="1" ind2=" ">
         <marc:subfield code="a">Fould, Gustave Eugene,</marc:subfield>
         <marc:subfield code="d">1836-1884. [from old catalog]</marc:subfield>
      </marc:datafield>
      <marc:datafield tag="990" ind1=" " ind2=" ">
         <marc:subfield code="a">918</marc:subfield>
      </marc:datafield>
      <marc:datafield tag="999" ind1=" " ind2=" ">
         <marc:subfield code="a">PQ2231 .A19 1894</marc:subfield>
         <marc:subfield code="w">LC</marc:subfield>
         <marc:subfield code="c">1</marc:subfield>
         <marc:subfield code="i">30173000079151</marc:subfield>
         <marc:subfield code="d">9/21/2010</marc:subfield>
         <marc:subfield code="f">9/21/2010</marc:subfield>
         <marc:subfield code="g">2</marc:subfield>
         <marc:subfield code="l">STACKS</marc:subfield>
         <marc:subfield code="m">DEGEN_ROOM</marc:subfield>
         <marc:subfield code="r">Y</marc:subfield>
         <marc:subfield code="s">Y</marc:subfield>
         <marc:subfield code="t">BOOK</marc:subfield>
         <marc:subfield code="u">6/6/2007</marc:subfield>
      </marc:datafield>
   </marc:record>