
   <marc:record>
      <marc:leader>00783cam a22002291  4500</marc:leader>
      <marc:controlfield tag="005">19981014140736.3</marc:controlfield>
      <marc:controlfield tag="008">780615s1951    nyu      b    000 0 eng  </marc:controlfield>
      <marc:datafield tag="010" ind1=" " ind2=" ">
         <marc:subfield code="a">   51005396</marc:subfield>
      </marc:datafield>
      <marc:datafield tag="082" ind1="0" ind2="0">
         <marc:subfield code="a">810.81</marc:subfield>
      </marc:datafield>
      <marc:datafield tag="100" ind1="1" ind2=" ">
         <marc:subfield code="a">Poe, Edgar Allan,</marc:subfield>
         <marc:subfield code="d">1809-1849.</marc:subfield>
      </marc:datafield>
      <marc:datafield tag="240" ind1="1" ind2="0">
         <marc:subfield code="a">Selected works.</marc:subfield>
         <marc:subfield code="f">1951</marc:subfield>
      </marc:datafield>
      <marc:datafield tag="245" ind1="0" ind2="0">
         <marc:subfield code="a">Selected poetry and prose;</marc:subfield>
         <marc:subfield code="c">edited with an introd. by T. O. Mabbott.</marc:subfield>
      </marc:datafield>
      <marc:datafield tag="260" ind1=" " ind2=" ">
         <marc:subfield code="a">New York,</marc:subfield>
         <marc:subfield code="b">Modern Library</marc:subfield>
         <marc:subfield code="c">[1951]</marc:subfield>
      </marc:datafield>
      <marc:datafield tag="300" ind1=" " ind2=" ">
         <marc:subfield code="a">xix, 428 p.</marc:subfield>
         <marc:subfield code="c">19 cm.</marc:subfield>
      </marc:datafield>
      <marc:datafield tag="490" ind1="0" ind2=" ">
         <marc:subfield code="a">Modern Library college editions, T58</marc:subfield>
      </marc:datafield>
      <marc:datafield tag="504" ind1=" " ind2=" ">
         <marc:subfield code="a">Bibliography: p. xv-xvi.</marc:subfield>
      </marc:datafield>
      <marc:datafield tag="650" ind1=" " ind2="0">
         <marc:subfield code="a">Fantasy literature, American.</marc:subfield>
      </marc:datafield>
      <marc:datafield tag="990" ind1=" " ind2=" ">
         <marc:subfield code="a">923</marc:subfield>
      </marc:datafield>
      <marc:datafield tag="999" ind1=" " ind2=" ">
         <marc:subfield code="a">PS2602 .M3</marc:subfield>
         <marc:subfield code="w">LC</marc:subfield>
         <marc:subfield code="c">1</marc:subfield>
         <marc:subfield code="i">30173000079201</marc:subfield>
         <marc:subfield code="d">9/27/2010</marc:subfield>
         <marc:subfield code="f">9/27/2010</marc:subfield>
         <marc:subfield code="g">2</marc:subfield>
         <marc:subfield code="l">STACKS</marc:subfield>
         <marc:subfield code="m">DEGEN_ROOM</marc:subfield>
         <marc:subfield code="r">Y</marc:subfield>
         <marc:subfield code="s">Y</marc:subfield>
         <marc:subfield code="t">BOOK</marc:subfield>
         <marc:subfield code="u">6/6/2007</marc:subfield>
      </marc:datafield>
   </marc:record>