
   <marc:record>
      <marc:leader>01182cam a2200301   4500</marc:leader>
      <marc:controlfield tag="005">19960829081003.5</marc:controlfield>
      <marc:controlfield tag="008">960805s1924    inuacfh       001 0aeng  </marc:controlfield>
      <marc:datafield tag="010" ind1=" " ind2=" ">
         <marc:subfield code="a">   24010951</marc:subfield>
      </marc:datafield>
      <marc:datafield tag="040" ind1=" " ind2=" ">
         <marc:subfield code="a">DLC</marc:subfield>
         <marc:subfield code="c">DLC</marc:subfield>
      </marc:datafield>
      <marc:datafield tag="043" ind1=" " ind2=" ">
         <marc:subfield code="a">n-us---</marc:subfield>
      </marc:datafield>
      <marc:datafield tag="051" ind1=" " ind2=" ">
         <marc:subfield code="c">Copy 2.</marc:subfield>
      </marc:datafield>
      <marc:datafield tag="051" ind1=" " ind2=" ">
         <marc:subfield code="a">PN2287.S5</marc:subfield>
         <marc:subfield code="b">A3 Copy 3</marc:subfield>
         <marc:subfield code="c">Copy 3.</marc:subfield>
      </marc:datafield>
      <marc:datafield tag="100" ind1="1" ind2=" ">
         <marc:subfield code="a">Skinner, Otis,</marc:subfield>
         <marc:subfield code="d">1858-1942.</marc:subfield>
      </marc:datafield>
      <marc:datafield tag="245" ind1="1" ind2="0">
         <marc:subfield code="a">Footlights and spotlights;</marc:subfield>
         <marc:subfield code="b">recollections of my life on the stage,</marc:subfield>
         <marc:subfield code="c">by Otis Skinner.</marc:subfield>
      </marc:datafield>
      <marc:datafield tag="260" ind1=" " ind2=" ">
         <marc:subfield code="a">Indianapolis,</marc:subfield>
         <marc:subfield code="b">The Bobbs-Merrill company</marc:subfield>
         <marc:subfield code="c">[c1924]</marc:subfield>
      </marc:datafield>
      <marc:datafield tag="300" ind1=" " ind2=" ">
         <marc:subfield code="a">7 p.l., 366, [1] p.</marc:subfield>
         <marc:subfield code="b">col. front., illus., plates, ports., facsims.</marc:subfield>
         <marc:subfield code="c">23 cm.</marc:subfield>
      </marc:datafield>
      <marc:datafield tag="600" ind1="1" ind2="0">
         <marc:subfield code="a">Skinner, Otis,</marc:subfield>
         <marc:subfield code="d">1858-1942.</marc:subfield>
      </marc:datafield>
      <marc:datafield tag="650" ind1=" " ind2="0">
         <marc:subfield code="a">Actors</marc:subfield>
         <marc:subfield code="z">United States</marc:subfield>
         <marc:subfield code="x">Biography.</marc:subfield>
      </marc:datafield>
      <marc:datafield tag="710" ind1="2" ind2=" ">
         <marc:subfield code="a">John Davis Batchelder Collection (Library of Congress)</marc:subfield>
         <marc:subfield code="5">DLC</marc:subfield>
      </marc:datafield>
      <marc:datafield tag="906" ind1=" " ind2=" ">
         <marc:subfield code="a">7</marc:subfield>
         <marc:subfield code="b">cbc</marc:subfield>
         <marc:subfield code="c">orignew</marc:subfield>
         <marc:subfield code="d">u</marc:subfield>
         <marc:subfield code="e">ocip</marc:subfield>
         <marc:subfield code="f">19</marc:subfield>
         <marc:subfield code="g">y-gencatlg</marc:subfield>
      </marc:datafield>
      <marc:datafield tag="952" ind1=" " ind2=" ">
         <marc:subfield code="a">Choice/form AACR2: vj39 08-05-96</marc:subfield>
      </marc:datafield>
      <marc:datafield tag="990" ind1=" " ind2=" ">
         <marc:subfield code="a">925</marc:subfield>
      </marc:datafield>
      <marc:datafield tag="999" ind1=" " ind2=" ">
         <marc:subfield code="a">PN2287 .S5 A3</marc:subfield>
         <marc:subfield code="w">LC</marc:subfield>
         <marc:subfield code="c">1</marc:subfield>
         <marc:subfield code="i">30173000079227</marc:subfield>
         <marc:subfield code="d">10/14/2010</marc:subfield>
         <marc:subfield code="f">10/14/2010</marc:subfield>
         <marc:subfield code="g">2</marc:subfield>
         <marc:subfield code="l">STACKS</marc:subfield>
         <marc:subfield code="m">DEGEN_ROOM</marc:subfield>
         <marc:subfield code="r">Y</marc:subfield>
         <marc:subfield code="s">Y</marc:subfield>
         <marc:subfield code="t">BOOK</marc:subfield>
         <marc:subfield code="u">6/6/2007</marc:subfield>
      </marc:datafield>
   </marc:record>