
   <marc:record>
      <marc:leader>01194cam a22003015a 4500</marc:leader>
      <marc:controlfield tag="005">20030331143332.0</marc:controlfield>
      <marc:controlfield tag="008">010406s2001    enk           000 0 eng  </marc:controlfield>
      <marc:datafield tag="010" ind1=" " ind2=" ">
         <marc:subfield code="a">  2002483255</marc:subfield>
      </marc:datafield>
      <marc:datafield tag="020" ind1=" " ind2=" ">
         <marc:subfield code="a">041376060X (pbk.)</marc:subfield>
      </marc:datafield>
      <marc:datafield tag="040" ind1=" " ind2=" ">
         <marc:subfield code="a">DLC</marc:subfield>
         <marc:subfield code="c">DLC</marc:subfield>
         <marc:subfield code="d">DLC</marc:subfield>
      </marc:datafield>
      <marc:datafield tag="082" ind1="0" ind2="0">
         <marc:subfield code="a">822/.914</marc:subfield>
         <marc:subfield code="2">21</marc:subfield>
      </marc:datafield>
      <marc:datafield tag="100" ind1="1" ind2=" ">
         <marc:subfield code="a">Ravenhill, Mark.</marc:subfield>
      </marc:datafield>
      <marc:datafield tag="240" ind1="1" ind2="0">
         <marc:subfield code="a">Plays.</marc:subfield>
         <marc:subfield code="k">Selections</marc:subfield>
      </marc:datafield>
      <marc:datafield tag="245" ind1="1" ind2="0">
         <marc:subfield code="a">Plays--1 /</marc:subfield>
         <marc:subfield code="c">Mark Ravenhill ; introduced by Dan Rebellato.</marc:subfield>
      </marc:datafield>
      <marc:datafield tag="246" ind1="3" ind2=" ">
         <marc:subfield code="a">Plays--one</marc:subfield>
      </marc:datafield>
      <marc:datafield tag="260" ind1=" " ind2=" ">
         <marc:subfield code="a">London :</marc:subfield>
         <marc:subfield code="b">Methuen Drama,</marc:subfield>
         <marc:subfield code="c">2001.</marc:subfield>
      </marc:datafield>
      <marc:datafield tag="300" ind1=" " ind2=" ">
         <marc:subfield code="a">xx, 314 p. ;</marc:subfield>
         <marc:subfield code="c">20 cm.</marc:subfield>
      </marc:datafield>
      <marc:datafield tag="440" ind1=" " ind2="0">
         <marc:subfield code="a">Methuen contemporary dramatists</marc:subfield>
      </marc:datafield>
      <marc:datafield tag="505" ind1="0" ind2=" ">
         <marc:subfield code="a">Shopping and fucking -- Faust is dead -- Handbag -- Some explicit polaroids.</marc:subfield>
      </marc:datafield>
      <marc:datafield tag="906" ind1=" " ind2=" ">
         <marc:subfield code="a">7</marc:subfield>
         <marc:subfield code="b">cbc</marc:subfield>
         <marc:subfield code="c">origres</marc:subfield>
         <marc:subfield code="d">2</marc:subfield>
         <marc:subfield code="e">ncip</marc:subfield>
         <marc:subfield code="f">20</marc:subfield>
         <marc:subfield code="g">y-gencatlg</marc:subfield>
      </marc:datafield>
      <marc:datafield tag="923" ind1=" " ind2=" ">
         <marc:subfield code="d">20020805</marc:subfield>
         <marc:subfield code="n">928973</marc:subfield>
         <marc:subfield code="s">Everetts</marc:subfield>
      </marc:datafield>
      <marc:datafield tag="925" ind1="0" ind2=" ">
         <marc:subfield code="a">acquire</marc:subfield>
         <marc:subfield code="b">1 shelf copy</marc:subfield>
         <marc:subfield code="x">policy default</marc:subfield>
      </marc:datafield>
      <marc:datafield tag="990" ind1=" " ind2=" ">
         <marc:subfield code="a">950</marc:subfield>
      </marc:datafield>
      <marc:datafield tag="999" ind1=" " ind2=" ">
         <marc:subfield code="a">PR6068 .A915 A6 2001</marc:subfield>
         <marc:subfield code="w">LC</marc:subfield>
         <marc:subfield code="c">1</marc:subfield>
         <marc:subfield code="i">30173000021435</marc:subfield>
         <marc:subfield code="d">10/20/2010</marc:subfield>
         <marc:subfield code="f">10/20/2010</marc:subfield>
         <marc:subfield code="g">2</marc:subfield>
         <marc:subfield code="l">MISSING</marc:subfield>
         <marc:subfield code="m">DEGEN_ROOM</marc:subfield>
         <marc:subfield code="r">N</marc:subfield>
         <marc:subfield code="s">Y</marc:subfield>
         <marc:subfield code="t">BOOK</marc:subfield>
         <marc:subfield code="u">6/7/2007</marc:subfield>
      </marc:datafield>
   </marc:record>