
   <marc:record>
      <marc:leader>01121cam a2200241 a 4500</marc:leader>
      <marc:controlfield tag="005">19951130155318.1</marc:controlfield>
      <marc:controlfield tag="008">930312s1992    enka          001 0aeng  </marc:controlfield>
      <marc:datafield tag="010" ind1=" " ind2=" ">
         <marc:subfield code="a">   93125483</marc:subfield>
      </marc:datafield>
      <marc:datafield tag="020" ind1=" " ind2=" ">
         <marc:subfield code="a">085430052X</marc:subfield>
      </marc:datafield>
      <marc:datafield tag="100" ind1="1" ind2=" ">
         <marc:subfield code="a">Wilton, Frederick C.</marc:subfield>
         <marc:subfield code="q">(Frederick Charles),</marc:subfield>
         <marc:subfield code="d">ca. 1802-1889.</marc:subfield>
      </marc:datafield>
      <marc:datafield tag="245" ind1="1" ind2="4">
         <marc:subfield code="a">The Britannia diaries, 1863-1875 :</marc:subfield>
         <marc:subfield code="b">selections from the diaries of Frederick C. Wilton /</marc:subfield>
         <marc:subfield code="c">edited by Jim Davis from the original manuscript in the Mitchell Library, State Library of New South Wales.</marc:subfield>
      </marc:datafield>
      <marc:datafield tag="260" ind1=" " ind2=" ">
         <marc:subfield code="a">London :</marc:subfield>
         <marc:subfield code="b">Society for Theatre Research,</marc:subfield>
         <marc:subfield code="c">1992.</marc:subfield>
      </marc:datafield>
      <marc:datafield tag="300" ind1=" " ind2=" ">
         <marc:subfield code="a">263 p. :</marc:subfield>
         <marc:subfield code="b">ill. ;</marc:subfield>
         <marc:subfield code="c">25 cm.</marc:subfield>
      </marc:datafield>
      <marc:datafield tag="504" ind1=" " ind2=" ">
         <marc:subfield code="a">Includes bibliographical references (p. 241-242) and indexes.</marc:subfield>
      </marc:datafield>
      <marc:datafield tag="600" ind1="1" ind2="0">
         <marc:subfield code="a">Wilton, Frederick C.</marc:subfield>
         <marc:subfield code="q">(Frederick Charles),</marc:subfield>
         <marc:subfield code="d">ca. 1802-1889</marc:subfield>
         <marc:subfield code="x">Diaries.</marc:subfield>
      </marc:datafield>
      <marc:datafield tag="610" ind1="2" ind2="0">
         <marc:subfield code="a">Britannia Theatre</marc:subfield>
         <marc:subfield code="x">History</marc:subfield>
         <marc:subfield code="x">Sources.</marc:subfield>
      </marc:datafield>
      <marc:datafield tag="650" ind1=" " ind2="0">
         <marc:subfield code="a">Actors</marc:subfield>
         <marc:subfield code="z">Great Britain</marc:subfield>
         <marc:subfield code="x">Diaries.</marc:subfield>
      </marc:datafield>
      <marc:datafield tag="700" ind1="1" ind2=" ">
         <marc:subfield code="a">Davis, Jim,</marc:subfield>
         <marc:subfield code="d">1949-</marc:subfield>
      </marc:datafield>
      <marc:datafield tag="710" ind1="2" ind2=" ">
         <marc:subfield code="a">Mitchell Library, Sydney.</marc:subfield>
      </marc:datafield>
      <marc:datafield tag="990" ind1=" " ind2=" ">
         <marc:subfield code="a">951</marc:subfield>
      </marc:datafield>
      <marc:datafield tag="999" ind1=" " ind2=" ">
         <marc:subfield code="a">PN2598 .W564 A3 1992</marc:subfield>
         <marc:subfield code="w">LC</marc:subfield>
         <marc:subfield code="c">1</marc:subfield>
         <marc:subfield code="i">30173000079441</marc:subfield>
         <marc:subfield code="d">10/16/2010</marc:subfield>
         <marc:subfield code="f">10/16/2010</marc:subfield>
         <marc:subfield code="g">2</marc:subfield>
         <marc:subfield code="l">STACKS</marc:subfield>
         <marc:subfield code="m">DEGEN_ROOM</marc:subfield>
         <marc:subfield code="r">Y</marc:subfield>
         <marc:subfield code="s">Y</marc:subfield>
         <marc:subfield code="t">BOOK</marc:subfield>
         <marc:subfield code="u">6/7/2007</marc:subfield>
      </marc:datafield>
   </marc:record>