
   <marc:record>
      <marc:leader>00790cam a22002171  4500</marc:leader>
      <marc:controlfield tag="005">20050720192156.0</marc:controlfield>
      <marc:controlfield tag="008">770324s1941    nyu           000 0 eng  </marc:controlfield>
      <marc:datafield tag="010" ind1=" " ind2=" ">
         <marc:subfield code="a">   42013057</marc:subfield>
      </marc:datafield>
      <marc:datafield tag="100" ind1="1" ind2=" ">
         <marc:subfield code="a">Ibsen, Henrik,</marc:subfield>
         <marc:subfield code="d">1828-1906.</marc:subfield>
      </marc:datafield>
      <marc:datafield tag="245" ind1="1" ind2="0">
         <marc:subfield code="a">Ghosts;</marc:subfield>
         <marc:subfield code="b">An enemy of the people; A doll's house [and] John Gabriel Borkman,</marc:subfield>
         <marc:subfield code="c">by Henrik Ibsen.</marc:subfield>
      </marc:datafield>
      <marc:datafield tag="260" ind1=" " ind2=" ">
         <marc:subfield code="a">New York,</marc:subfield>
         <marc:subfield code="b">The Modern library</marc:subfield>
         <marc:subfield code="c">[1941?]</marc:subfield>
      </marc:datafield>
      <marc:datafield tag="300" ind1=" " ind2=" ">
         <marc:subfield code="a">330 p.</marc:subfield>
         <marc:subfield code="c">18 cm.</marc:subfield>
      </marc:datafield>
      <marc:datafield tag="490" ind1="0" ind2=" ">
         <marc:subfield code="a">The Modern library of the world's best books</marc:subfield>
      </marc:datafield>
      <marc:datafield tag="500" ind1=" " ind2=" ">
         <marc:subfield code="a">On cover: Plays of Henrik Ibsen.</marc:subfield>
      </marc:datafield>
      <marc:datafield tag="740" ind1="3" ind2=" ">
         <marc:subfield code="a">An enemy of the people.</marc:subfield>
      </marc:datafield>
      <marc:datafield tag="740" ind1="2" ind2=" ">
         <marc:subfield code="a">A doll's house.</marc:subfield>
      </marc:datafield>
      <marc:datafield tag="740" ind1="0" ind2=" ">
         <marc:subfield code="a">John Gabriel Borkman.</marc:subfield>
      </marc:datafield>
      <marc:datafield tag="990" ind1=" " ind2=" ">
         <marc:subfield code="a">956</marc:subfield>
      </marc:datafield>
      <marc:datafield tag="999" ind1=" " ind2=" ">
         <marc:subfield code="a">PT8854 .M6</marc:subfield>
         <marc:subfield code="w">LC</marc:subfield>
         <marc:subfield code="c">1</marc:subfield>
         <marc:subfield code="i">30173000079490</marc:subfield>
         <marc:subfield code="d">2/12/2013</marc:subfield>
         <marc:subfield code="f">2/12/2013</marc:subfield>
         <marc:subfield code="g">3</marc:subfield>
         <marc:subfield code="l">STACKS</marc:subfield>
         <marc:subfield code="m">DEGEN_ROOM</marc:subfield>
         <marc:subfield code="r">Y</marc:subfield>
         <marc:subfield code="s">Y</marc:subfield>
         <marc:subfield code="t">BOOK</marc:subfield>
         <marc:subfield code="u">6/7/2007</marc:subfield>
      </marc:datafield>
   </marc:record>