
   <marc:record>
      <marc:leader>00780cam a2200217 a 4500</marc:leader>
      <marc:controlfield tag="005">20011205093358.0</marc:controlfield>
      <marc:controlfield tag="008">000225s2000    ctu      o    001 0 eng  </marc:controlfield>
      <marc:datafield tag="010" ind1=" " ind2=" ">
         <marc:subfield code="a">   00027527</marc:subfield>
      </marc:datafield>
      <marc:datafield tag="020" ind1=" " ind2=" ">
         <marc:subfield code="a">0300082487 (alk. paper)</marc:subfield>
      </marc:datafield>
      <marc:datafield tag="020" ind1=" " ind2=" ">
         <marc:subfield code="a">0300087772 (pbk. : alk. paper)</marc:subfield>
      </marc:datafield>
      <marc:datafield tag="043" ind1=" " ind2=" ">
         <marc:subfield code="a">n-us-ny</marc:subfield>
      </marc:datafield>
      <marc:datafield tag="100" ind1="1" ind2=" ">
         <marc:subfield code="a">Rogoff, Gordon,</marc:subfield>
         <marc:subfield code="d">1931-</marc:subfield>
      </marc:datafield>
      <marc:datafield tag="245" ind1="1" ind2="0">
         <marc:subfield code="a">Vanishing acts :</marc:subfield>
         <marc:subfield code="b">theater since the sixties /</marc:subfield>
         <marc:subfield code="c">Gordon Rogoff.</marc:subfield>
      </marc:datafield>
      <marc:datafield tag="260" ind1=" " ind2=" ">
         <marc:subfield code="a">New Haven :</marc:subfield>
         <marc:subfield code="b">Yale University Press,</marc:subfield>
         <marc:subfield code="c">c2000.</marc:subfield>
      </marc:datafield>
      <marc:datafield tag="300" ind1=" " ind2=" ">
         <marc:subfield code="a">xiv, 306 p. ;</marc:subfield>
         <marc:subfield code="c">22 cm.</marc:subfield>
      </marc:datafield>
      <marc:datafield tag="500" ind1=" " ind2=" ">
         <marc:subfield code="a">Includes index.</marc:subfield>
      </marc:datafield>
      <marc:datafield tag="650" ind1=" " ind2="0">
         <marc:subfield code="a">Theater</marc:subfield>
         <marc:subfield code="z">New York (State)</marc:subfield>
         <marc:subfield code="z">New York</marc:subfield>
         <marc:subfield code="v">Reviews.</marc:subfield>
      </marc:datafield>
      <marc:datafield tag="990" ind1=" " ind2=" ">
         <marc:subfield code="a">971</marc:subfield>
      </marc:datafield>
      <marc:datafield tag="999" ind1=" " ind2=" ">
         <marc:subfield code="a">PN2277 .N5 R64 2000</marc:subfield>
         <marc:subfield code="w">LC</marc:subfield>
         <marc:subfield code="c">1</marc:subfield>
         <marc:subfield code="i">30173000079649</marc:subfield>
         <marc:subfield code="d">10/11/2010</marc:subfield>
         <marc:subfield code="f">10/11/2010</marc:subfield>
         <marc:subfield code="g">2</marc:subfield>
         <marc:subfield code="l">STACKS</marc:subfield>
         <marc:subfield code="m">DEGEN_ROOM</marc:subfield>
         <marc:subfield code="r">Y</marc:subfield>
         <marc:subfield code="s">Y</marc:subfield>
         <marc:subfield code="t">BOOK</marc:subfield>
         <marc:subfield code="u">6/7/2007</marc:subfield>
      </marc:datafield>
   </marc:record>