
   <marc:record>
      <marc:leader>00714cam a2200205u  4500</marc:leader>
      <marc:controlfield tag="005">00000000000000.0</marc:controlfield>
      <marc:controlfield tag="008">830106s1927    mau           000 0 eng  </marc:controlfield>
      <marc:datafield tag="010" ind1=" " ind2=" ">
         <marc:subfield code="a">   27014295</marc:subfield>
      </marc:datafield>
      <marc:datafield tag="040" ind1=" " ind2=" ">
         <marc:subfield code="a">DLC</marc:subfield>
         <marc:subfield code="c">CarP</marc:subfield>
         <marc:subfield code="d">DLC</marc:subfield>
      </marc:datafield>
      <marc:datafield tag="100" ind1="1" ind2=" ">
         <marc:subfield code="a">Forrest, Belford. [from old catalog]</marc:subfield>
      </marc:datafield>
      <marc:datafield tag="245" ind1="1" ind2="0">
         <marc:subfield code="a">On the third day,</marc:subfield>
      </marc:datafield>
      <marc:datafield tag="260" ind1=" " ind2=" ">
         <marc:subfield code="a">Boston, Mass.,</marc:subfield>
         <marc:subfield code="b">Expression company,</marc:subfield>
         <marc:subfield code="c">[c1927]</marc:subfield>
      </marc:datafield>
      <marc:datafield tag="300" ind1=" " ind2=" ">
         <marc:subfield code="a">97 p.</marc:subfield>
         <marc:subfield code="b">front.</marc:subfield>
         <marc:subfield code="c">21 cm.</marc:subfield>
      </marc:datafield>
      <marc:datafield tag="906" ind1=" " ind2=" ">
         <marc:subfield code="a">0</marc:subfield>
         <marc:subfield code="b">cbc</marc:subfield>
         <marc:subfield code="c">premunv</marc:subfield>
         <marc:subfield code="d">u</marc:subfield>
         <marc:subfield code="e">ncip</marc:subfield>
         <marc:subfield code="f">19</marc:subfield>
         <marc:subfield code="g">y-gencatlg</marc:subfield>
      </marc:datafield>
      <marc:datafield tag="990" ind1=" " ind2=" ">
         <marc:subfield code="a">975</marc:subfield>
      </marc:datafield>
      <marc:datafield tag="999" ind1=" " ind2=" ">
         <marc:subfield code="a">PS3511 .O5 O6 1927</marc:subfield>
         <marc:subfield code="w">LC</marc:subfield>
         <marc:subfield code="c">1</marc:subfield>
         <marc:subfield code="i">30173000079680</marc:subfield>
         <marc:subfield code="d">9/27/2010</marc:subfield>
         <marc:subfield code="f">9/27/2010</marc:subfield>
         <marc:subfield code="g">2</marc:subfield>
         <marc:subfield code="l">STACKS</marc:subfield>
         <marc:subfield code="m">DEGEN_ROOM</marc:subfield>
         <marc:subfield code="r">Y</marc:subfield>
         <marc:subfield code="s">Y</marc:subfield>
         <marc:subfield code="t">BOOK</marc:subfield>
         <marc:subfield code="u">6/7/2007</marc:subfield>
      </marc:datafield>
   </marc:record>