
   <marc:record>
      <marc:leader>01441cam a22003491  4500</marc:leader>
      <marc:controlfield tag="005">20010810114814.0</marc:controlfield>
      <marc:controlfield tag="008">730116s1954    xx            000 0 eng  </marc:controlfield>
      <marc:datafield tag="010" ind1=" " ind2=" ">
         <marc:subfield code="a">   55000882</marc:subfield>
      </marc:datafield>
      <marc:datafield tag="015" ind1=" " ind2=" ">
         <marc:subfield code="a">GB54-16284</marc:subfield>
      </marc:datafield>
      <marc:datafield tag="040" ind1=" " ind2=" ">
         <marc:subfield code="a">DLC</marc:subfield>
         <marc:subfield code="c">OTifH</marc:subfield>
         <marc:subfield code="d">Uk</marc:subfield>
         <marc:subfield code="d">DLC</marc:subfield>
      </marc:datafield>
      <marc:datafield tag="082" ind1=" " ind2=" ">
         <marc:subfield code="a">927.92</marc:subfield>
      </marc:datafield>
      <marc:datafield tag="100" ind1="1" ind2=" ">
         <marc:subfield code="a">Kean, Charles John,</marc:subfield>
         <marc:subfield code="d">1811?-1868.</marc:subfield>
      </marc:datafield>
      <marc:datafield tag="245" ind1="1" ind2="0">
         <marc:subfield code="a">Emigrant in motley;</marc:subfield>
         <marc:subfield code="b">the journey of Charles and Ellen Kean in quest of a theatrical fortune in Australia and America, as told in their hitherto unpublished letters.</marc:subfield>
         <marc:subfield code="c">Edited by J.M.D. Hardwick, with a foreword by Anthony Quayle.</marc:subfield>
      </marc:datafield>
      <marc:datafield tag="260" ind1=" " ind2=" ">
         <marc:subfield code="a">London,</marc:subfield>
         <marc:subfield code="b">Rockliff</marc:subfield>
         <marc:subfield code="c">[1954]</marc:subfield>
      </marc:datafield>
      <marc:datafield tag="300" ind1=" " ind2=" ">
         <marc:subfield code="a">xx, 260 p.</marc:subfield>
         <marc:subfield code="b">illus. (part col.), ports., facsims.</marc:subfield>
         <marc:subfield code="c">23 cm.</marc:subfield>
      </marc:datafield>
      <marc:datafield tag="490" ind1="0" ind2=" ">
         <marc:subfield code="a">[Rockliffe books on the theatre]</marc:subfield>
      </marc:datafield>
      <marc:datafield tag="600" ind1="1" ind2="0">
         <marc:subfield code="a">Kean, Charles John,</marc:subfield>
         <marc:subfield code="d">1811?-1868.</marc:subfield>
      </marc:datafield>
      <marc:datafield tag="600" ind1="1" ind2="0">
         <marc:subfield code="a">Kean, Ellen,</marc:subfield>
         <marc:subfield code="d">1805-1880.</marc:subfield>
      </marc:datafield>
      <marc:datafield tag="650" ind1=" " ind2="0">
         <marc:subfield code="a">Actors</marc:subfield>
         <marc:subfield code="z">Great Britain</marc:subfield>
         <marc:subfield code="x">Biography.</marc:subfield>
      </marc:datafield>
      <marc:datafield tag="650" ind1=" " ind2="0">
         <marc:subfield code="a">British</marc:subfield>
         <marc:subfield code="z">Australia</marc:subfield>
         <marc:subfield code="x">History</marc:subfield>
         <marc:subfield code="y">19th century.</marc:subfield>
      </marc:datafield>
      <marc:datafield tag="650" ind1=" " ind2="0">
         <marc:subfield code="a">British</marc:subfield>
         <marc:subfield code="z">America</marc:subfield>
         <marc:subfield code="x">History</marc:subfield>
         <marc:subfield code="y">19th century.</marc:subfield>
      </marc:datafield>
      <marc:datafield tag="700" ind1="1" ind2=" ">
         <marc:subfield code="a">Kean, Ellen,</marc:subfield>
         <marc:subfield code="d">1805-1880.</marc:subfield>
      </marc:datafield>
      <marc:datafield tag="700" ind1="1" ind2=" ">
         <marc:subfield code="a">Hardwick, Michael,</marc:subfield>
         <marc:subfield code="d">1924-</marc:subfield>
         <marc:subfield code="e">ed.</marc:subfield>
      </marc:datafield>
      <marc:datafield tag="906" ind1=" " ind2=" ">
         <marc:subfield code="a">7</marc:subfield>
         <marc:subfield code="b">cbc</marc:subfield>
         <marc:subfield code="c">oclcrpl</marc:subfield>
         <marc:subfield code="d">u</marc:subfield>
         <marc:subfield code="e">ncip</marc:subfield>
         <marc:subfield code="f">19</marc:subfield>
         <marc:subfield code="g">y-gencatlg</marc:subfield>
      </marc:datafield>
      <marc:datafield tag="985" ind1=" " ind2=" ">
         <marc:subfield code="e">OCLC REPLACEMENT</marc:subfield>
      </marc:datafield>
      <marc:datafield tag="990" ind1=" " ind2=" ">
         <marc:subfield code="a">978</marc:subfield>
      </marc:datafield>
      <marc:datafield tag="999" ind1=" " ind2=" ">
         <marc:subfield code="a">PN2598 .K25 A3</marc:subfield>
         <marc:subfield code="w">LC</marc:subfield>
         <marc:subfield code="c">1</marc:subfield>
         <marc:subfield code="i">30173000079714</marc:subfield>
         <marc:subfield code="d">10/15/2010</marc:subfield>
         <marc:subfield code="f">10/15/2010</marc:subfield>
         <marc:subfield code="g">2</marc:subfield>
         <marc:subfield code="l">STACKS</marc:subfield>
         <marc:subfield code="m">DEGEN_ROOM</marc:subfield>
         <marc:subfield code="r">Y</marc:subfield>
         <marc:subfield code="s">Y</marc:subfield>
         <marc:subfield code="t">BOOK</marc:subfield>
         <marc:subfield code="u">6/7/2007</marc:subfield>
      </marc:datafield>
   </marc:record>