
   <marc:record>
      <marc:leader>00697cam a22001931  4500</marc:leader>
      <marc:controlfield tag="005">20050709200017.0</marc:controlfield>
      <marc:controlfield tag="008">910819s1965    fr            000 0 fre  </marc:controlfield>
      <marc:datafield tag="010" ind1=" " ind2=" ">
         <marc:subfield code="a">   68139617</marc:subfield>
      </marc:datafield>
      <marc:datafield tag="100" ind1="1" ind2=" ">
         <marc:subfield code="a">Beaumarchais, Pierre Augustin Caron de,</marc:subfield>
         <marc:subfield code="d">1732-1799</marc:subfield>
      </marc:datafield>
      <marc:datafield tag="245" ind1="0" ind2="0">
         <marc:subfield code="a">Theatre.</marc:subfield>
         <marc:subfield code="b">Le Barbier de Seville.</marc:subfield>
         <marc:subfield code="c">Le Mariage de Figaro. La Mere coupable.</marc:subfield>
      </marc:datafield>
      <marc:datafield tag="260" ind1=" " ind2=" ">
         <marc:subfield code="a">Paris,</marc:subfield>
         <marc:subfield code="b">Garnier-Flammarion,</marc:subfield>
         <marc:subfield code="c">1965.</marc:subfield>
      </marc:datafield>
      <marc:datafield tag="300" ind1=" " ind2=" ">
         <marc:subfield code="a">320 p.</marc:subfield>
         <marc:subfield code="c">18 cm.</marc:subfield>
      </marc:datafield>
      <marc:datafield tag="730" ind1="3" ind2=" ">
         <marc:subfield code="a">Le barbier de Seville.</marc:subfield>
      </marc:datafield>
      <marc:datafield tag="740" ind1="3" ind2=" ">
         <marc:subfield code="a">Le mariage de Figaro.</marc:subfield>
      </marc:datafield>
      <marc:datafield tag="740" ind1="3" ind2=" ">
         <marc:subfield code="a">La mere coupable.</marc:subfield>
      </marc:datafield>
      <marc:datafield tag="990" ind1=" " ind2=" ">
         <marc:subfield code="a">980</marc:subfield>
      </marc:datafield>
      <marc:datafield tag="999" ind1=" " ind2=" ">
         <marc:subfield code="a">PQ1956 .A1 1965</marc:subfield>
         <marc:subfield code="w">LC</marc:subfield>
         <marc:subfield code="c">1</marc:subfield>
         <marc:subfield code="i">30173000079730</marc:subfield>
         <marc:subfield code="d">9/21/2010</marc:subfield>
         <marc:subfield code="f">9/21/2010</marc:subfield>
         <marc:subfield code="g">2</marc:subfield>
         <marc:subfield code="l">STACKS</marc:subfield>
         <marc:subfield code="m">DEGEN_ROOM</marc:subfield>
         <marc:subfield code="r">Y</marc:subfield>
         <marc:subfield code="s">Y</marc:subfield>
         <marc:subfield code="t">BOOK</marc:subfield>
         <marc:subfield code="u">6/7/2007</marc:subfield>
      </marc:datafield>
   </marc:record>