
   <marc:record>
      <marc:leader>01457cam a22002771  4500</marc:leader>
      <marc:controlfield tag="005">20050701213601.0</marc:controlfield>
      <marc:controlfield tag="008">711118s1915    nyuc     b    000 0 eng  </marc:controlfield>
      <marc:datafield tag="010" ind1=" " ind2=" ">
         <marc:subfield code="a">   15005036</marc:subfield>
      </marc:datafield>
      <marc:datafield tag="100" ind1="1" ind2=" ">
         <marc:subfield code="a">Andreyev, Leonid,</marc:subfield>
         <marc:subfield code="d">1871-1919.</marc:subfield>
      </marc:datafield>
      <marc:datafield tag="245" ind1="0" ind2="0">
         <marc:subfield code="a">Plays,</marc:subfield>
         <marc:subfield code="c">by Leonid Andreyeff: The black maskers, The life of man, The Sabine women; tr. from the Russian by Clarence L. Meader and Fred Newton Scott; with an introductory essay by V. V. Brusyanin.</marc:subfield>
      </marc:datafield>
      <marc:datafield tag="250" ind1=" " ind2=" ">
         <marc:subfield code="a">Authorised ed.</marc:subfield>
      </marc:datafield>
      <marc:datafield tag="260" ind1=" " ind2=" ">
         <marc:subfield code="a">New York,</marc:subfield>
         <marc:subfield code="b">C. Scribner's Sons,</marc:subfield>
         <marc:subfield code="c">1915.</marc:subfield>
      </marc:datafield>
      <marc:datafield tag="300" ind1=" " ind2=" ">
         <marc:subfield code="a">xxvi p., 2 l., 3-214 p.</marc:subfield>
         <marc:subfield code="b">front. (port.)</marc:subfield>
         <marc:subfield code="c">20 cm.</marc:subfield>
      </marc:datafield>
      <marc:datafield tag="500" ind1=" " ind2=" ">
         <marc:subfield code="a">"The present versions of 'The life of man' and 'The black maskers' are based respectively on the texts printed in the seventh and tenth volumes of the 'Collected works' of Andreyeff, published by the Prosveshchenie company, of Petrograd; the version of 'The Sabine women' is based on the Russian text published by J. Ladyschnikow, in Berlin."</marc:subfield>
      </marc:datafield>
      <marc:datafield tag="504" ind1=" " ind2=" ">
         <marc:subfield code="a">"Bibliography of Andreyeff": p. 197-214.</marc:subfield>
      </marc:datafield>
      <marc:datafield tag="700" ind1="1" ind2=" ">
         <marc:subfield code="a">Meader, Clarence Linton,</marc:subfield>
         <marc:subfield code="d">1868-</marc:subfield>
         <marc:subfield code="e">tr.</marc:subfield>
      </marc:datafield>
      <marc:datafield tag="700" ind1="1" ind2=" ">
         <marc:subfield code="a">Scott, Fred Newton,</marc:subfield>
         <marc:subfield code="d">1860-1931,</marc:subfield>
         <marc:subfield code="e">joint tr.</marc:subfield>
      </marc:datafield>
      <marc:datafield tag="700" ind1="1" ind2=" ">
         <marc:subfield code="a">Brusianin, Vasilii Vasilevich,</marc:subfield>
         <marc:subfield code="d">1867-</marc:subfield>
      </marc:datafield>
      <marc:datafield tag="740" ind1="4" ind2="2">
         <marc:subfield code="a">The black maskers.</marc:subfield>
      </marc:datafield>
      <marc:datafield tag="740" ind1="4" ind2="2">
         <marc:subfield code="a">The Life of man.</marc:subfield>
      </marc:datafield>
      <marc:datafield tag="740" ind1="4" ind2="2">
         <marc:subfield code="a">The Sabine women.</marc:subfield>
      </marc:datafield>
      <marc:datafield tag="990" ind1=" " ind2=" ">
         <marc:subfield code="a">981</marc:subfield>
      </marc:datafield>
      <marc:datafield tag="999" ind1=" " ind2=" ">
         <marc:subfield code="a">PG3452 .A25</marc:subfield>
         <marc:subfield code="w">LC</marc:subfield>
         <marc:subfield code="c">1</marc:subfield>
         <marc:subfield code="i">30173000079748</marc:subfield>
         <marc:subfield code="d">4/14/2017</marc:subfield>
         <marc:subfield code="f">4/14/2017</marc:subfield>
         <marc:subfield code="g">3</marc:subfield>
         <marc:subfield code="l">STACKS</marc:subfield>
         <marc:subfield code="m">DEGEN_ROOM</marc:subfield>
         <marc:subfield code="r">Y</marc:subfield>
         <marc:subfield code="s">Y</marc:subfield>
         <marc:subfield code="t">BOOK</marc:subfield>
         <marc:subfield code="u">6/7/2007</marc:subfield>
      </marc:datafield>
   </marc:record>