
   <marc:record>
      <marc:leader>00923cam a22002411  4500</marc:leader>
      <marc:controlfield tag="005">20050709174230.0</marc:controlfield>
      <marc:controlfield tag="008">780124s1966    xx            000 0 eng  </marc:controlfield>
      <marc:datafield tag="010" ind1=" " ind2=" ">
         <marc:subfield code="a">   66073987</marc:subfield>
      </marc:datafield>
      <marc:datafield tag="020" ind1=" " ind2=" ">
         <marc:subfield code="a">0460011111</marc:subfield>
      </marc:datafield>
      <marc:datafield tag="100" ind1="1" ind2=" ">
         <marc:subfield code="a">Ibsen, Henrik,</marc:subfield>
         <marc:subfield code="d">1828-1906.</marc:subfield>
      </marc:datafield>
      <marc:datafield tag="245" ind1="1" ind2="0">
         <marc:subfield code="a">Hedda Gabler. The master builder; translated by Eva Le Gallienne. John Gabriel Borkman ; translated by Norman Ginsbury. Introduction by Brian W. Downs.</marc:subfield>
      </marc:datafield>
      <marc:datafield tag="260" ind1=" " ind2=" ">
         <marc:subfield code="a">London :</marc:subfield>
         <marc:subfield code="b">Dent; New York,</marc:subfield>
         <marc:subfield code="b">Dutton,</marc:subfield>
         <marc:subfield code="c">1966.</marc:subfield>
      </marc:datafield>
      <marc:datafield tag="300" ind1=" " ind2=" ">
         <marc:subfield code="a">xiii, 210 p. ;</marc:subfield>
         <marc:subfield code="c">18 1/2 cm.</marc:subfield>
      </marc:datafield>
      <marc:datafield tag="440" ind1=" " ind2="0">
         <marc:subfield code="a">Everyman's library,</marc:subfield>
         <marc:subfield code="v">no. 111</marc:subfield>
      </marc:datafield>
      <marc:datafield tag="504" ind1=" " ind2=" ">
         <marc:subfield code="a">Bibliography: p. xi.</marc:subfield>
      </marc:datafield>
      <marc:datafield tag="740" ind1="4" ind2=" ">
         <marc:subfield code="a">The master builder.</marc:subfield>
      </marc:datafield>
      <marc:datafield tag="740" ind1="0" ind2=" ">
         <marc:subfield code="a">John Gabriel Borkman.</marc:subfield>
      </marc:datafield>
      <marc:datafield tag="990" ind1=" " ind2=" ">
         <marc:subfield code="a">982</marc:subfield>
      </marc:datafield>
      <marc:datafield tag="999" ind1=" " ind2=" ">
         <marc:subfield code="a">PT8854 .L38 1966</marc:subfield>
         <marc:subfield code="w">LC</marc:subfield>
         <marc:subfield code="c">1</marc:subfield>
         <marc:subfield code="i">30173000079755</marc:subfield>
         <marc:subfield code="d">1/25/2016</marc:subfield>
         <marc:subfield code="e">1/6/2016</marc:subfield>
         <marc:subfield code="f">9/30/2010</marc:subfield>
         <marc:subfield code="g">2</marc:subfield>
         <marc:subfield code="l">STACKS</marc:subfield>
         <marc:subfield code="m">DEGEN_ROOM</marc:subfield>
         <marc:subfield code="n">5</marc:subfield>
         <marc:subfield code="r">N</marc:subfield>
         <marc:subfield code="s">Y</marc:subfield>
         <marc:subfield code="t">BOOK</marc:subfield>
         <marc:subfield code="u">6/7/2007</marc:subfield>
      </marc:datafield>
   </marc:record>