
   <marc:record>
      <marc:leader>02938cam a22002651  4500</marc:leader>
      <marc:controlfield tag="005">19910617092254.7</marc:controlfield>
      <marc:controlfield tag="008">730522s1943    nyu      b    000 0 eng  </marc:controlfield>
      <marc:datafield tag="010" ind1=" " ind2=" ">
         <marc:subfield code="a">   43018980</marc:subfield>
      </marc:datafield>
      <marc:datafield tag="043" ind1=" " ind2=" ">
         <marc:subfield code="a">e-uk-en</marc:subfield>
      </marc:datafield>
      <marc:datafield tag="082" ind1="0" ind2="0">
         <marc:subfield code="a">808.82</marc:subfield>
      </marc:datafield>
      <marc:datafield tag="100" ind1="1" ind2=" ">
         <marc:subfield code="a">Cerf, Bennett,</marc:subfield>
         <marc:subfield code="d">1898-1971,</marc:subfield>
         <marc:subfield code="e">ed.</marc:subfield>
      </marc:datafield>
      <marc:datafield tag="245" ind1="1" ind2="0">
         <marc:subfield code="a">Thirty famous one act plays,</marc:subfield>
         <marc:subfield code="c">edited by Bennett Cerf and Van H. Cartmell, with an introduction by Richard Watts, jr.</marc:subfield>
      </marc:datafield>
      <marc:datafield tag="260" ind1=" " ind2=" ">
         <marc:subfield code="a">Garden City, N.Y.,</marc:subfield>
         <marc:subfield code="b">Garden City publishing co., inc.</marc:subfield>
         <marc:subfield code="c">[1943]</marc:subfield>
      </marc:datafield>
      <marc:datafield tag="300" ind1=" " ind2=" ">
         <marc:subfield code="a">xxii, 617 p.</marc:subfield>
         <marc:subfield code="c">24 cm.</marc:subfield>
      </marc:datafield>
      <marc:datafield tag="504" ind1=" " ind2=" ">
         <marc:subfield code="a">"Bibliographical notes": p. 601-617.</marc:subfield>
      </marc:datafield>
      <marc:datafield tag="505" ind1=" " ind2=" ">
         <marc:subfield code="a">The man who married a dumb wife : a comedy in two scenes / Anatole France, translated by Curtis Hidden Page -- Miss Julie / August Strindberg -- Salome / Oscar Wilde -- The rising of the moon / Lady Gregory -- The boor : a comedy in one act / Anton Chekhov, translated by Hilmar Baukhage -- The twelve-pound look / James M. Barrie -- The green cockatoo : a grotesque in one act / Arthur Schnitzler, translated from the German by Ethel van der Veer -- A miracle of St. Antony : a satiric legend / Maurice Maeterlinck, translated from the French by Ralph Roeder -- The monkey's paw: a story in three scenes / W.W. Jacobs, dramatized by Louis N. Parker -- The little man : a farcical morality in three scenes / John Galsworthy -- Riders to the sea / J.M. Synge -- A sunny morning : a comedy of Madrid in one act / Serafin and Joaquin Alvarez Quintero, translated from the Spanish by Lucretia Xavier Floyd -- A night at an inn / Lord Dunsany -- The dear departed : a comedy in one act / Stanley Houghton -- The drums of Oude : a drama in one act / Austin Strong -- Helena's husband : an historical comedy / Philip Moeller -- Suppressed desires : a comedy in two episodes / Susan Glaspell, in collaboration with George Cram Cook -- The game of chess : a play in one act / Kenneth Sawyer Goodman -- Lithuania : a drama in one act / Rupert Brooke -- The valiant : a play in one act / Holworthy Hall, Robert Middlemass -- In the zone / Eugene O'Neill. If men played cards as women do : a comedy in one act / George S. Kaufman -- Another way out : a comedy / Lawrence Langner -- The clod : a one-act play / Lewis Beach -- Aria da capo : a play / Edna St. Vincent Millay -- Overtones : a one-act play / Alice Gerstenberg -- Fumed oak : an unpleasant comedy in two scenes / Noel Coward -- Waiting for Lefty / Clifford Odets -- Hello out there : a one-act play / William Saroyan -- Bury the dead / Irwin Shaw.</marc:subfield>
      </marc:datafield>
      <marc:datafield tag="650" ind1=" " ind2="0">
         <marc:subfield code="a">One-act plays.</marc:subfield>
      </marc:datafield>
      <marc:datafield tag="650" ind1=" " ind2="0">
         <marc:subfield code="a">One-act plays, English.</marc:subfield>
      </marc:datafield>
      <marc:datafield tag="700" ind1="1" ind2=" ">
         <marc:subfield code="a">Cartmell, Van Henry,</marc:subfield>
         <marc:subfield code="d">1896-</marc:subfield>
         <marc:subfield code="e">joint ed.</marc:subfield>
      </marc:datafield>
      <marc:datafield tag="990" ind1=" " ind2=" ">
         <marc:subfield code="a">992</marc:subfield>
      </marc:datafield>
      <marc:datafield tag="999" ind1=" " ind2=" ">
         <marc:subfield code="a">PN6112 .C42</marc:subfield>
         <marc:subfield code="w">LC</marc:subfield>
         <marc:subfield code="c">1</marc:subfield>
         <marc:subfield code="i">30173000079961</marc:subfield>
         <marc:subfield code="d">4/17/2015</marc:subfield>
         <marc:subfield code="e">3/2/2015</marc:subfield>
         <marc:subfield code="f">10/16/2010</marc:subfield>
         <marc:subfield code="g">2</marc:subfield>
         <marc:subfield code="l">STACKS</marc:subfield>
         <marc:subfield code="m">DEGEN_ROOM</marc:subfield>
         <marc:subfield code="n">1</marc:subfield>
         <marc:subfield code="r">Y</marc:subfield>
         <marc:subfield code="s">Y</marc:subfield>
         <marc:subfield code="t">BOOK</marc:subfield>
         <marc:subfield code="u">6/7/2007</marc:subfield>
      </marc:datafield>
      <marc:datafield tag="999" ind1=" " ind2=" ">
         <marc:subfield code="a">PN6112 .C42</marc:subfield>
         <marc:subfield code="w">LC</marc:subfield>
         <marc:subfield code="c">2</marc:subfield>
         <marc:subfield code="i">30173000093095</marc:subfield>
         <marc:subfield code="d">10/16/2010</marc:subfield>
         <marc:subfield code="f">10/16/2010</marc:subfield>
         <marc:subfield code="g">2</marc:subfield>
         <marc:subfield code="l">STACKS</marc:subfield>
         <marc:subfield code="m">DEGEN_ROOM</marc:subfield>
         <marc:subfield code="r">Y</marc:subfield>
         <marc:subfield code="s">Y</marc:subfield>
         <marc:subfield code="t">BOOK</marc:subfield>
         <marc:subfield code="u">10/12/2010</marc:subfield>
      </marc:datafield>
   </marc:record>