
   <marc:record>
      <marc:leader>01014cam a22002411  4500</marc:leader>
      <marc:controlfield tag="005">20010514094334.0</marc:controlfield>
      <marc:controlfield tag="008">720802s1913    xx            000 0 eng  </marc:controlfield>
      <marc:datafield tag="010" ind1=" " ind2=" ">
         <marc:subfield code="a">   36037104</marc:subfield>
      </marc:datafield>
      <marc:datafield tag="100" ind1="0" ind2=" ">
         <marc:subfield code="a">Sophocles.</marc:subfield>
      </marc:datafield>
      <marc:datafield tag="245" ind1="0" ind2="4">
         <marc:subfield code="a">The dramas of Sophocles rendered in English verse,</marc:subfield>
         <marc:subfield code="b">dramatic &amp; lyric,</marc:subfield>
         <marc:subfield code="c">by Sir George Young.</marc:subfield>
      </marc:datafield>
      <marc:datafield tag="260" ind1=" " ind2=" ">
         <marc:subfield code="a">London &amp; Toronto,</marc:subfield>
         <marc:subfield code="b">J.M. Dent &amp; sons, ltd.;</marc:subfield>
         <marc:subfield code="a">New York,</marc:subfield>
         <marc:subfield code="b">E.P. Dutton &amp; co.</marc:subfield>
         <marc:subfield code="c">[1913]</marc:subfield>
      </marc:datafield>
      <marc:datafield tag="300" ind1=" " ind2=" ">
         <marc:subfield code="a">xx, 396 p.</marc:subfield>
         <marc:subfield code="c">18 cm.</marc:subfield>
      </marc:datafield>
      <marc:datafield tag="490" ind1="0" ind2=" ">
         <marc:subfield code="a">Everyman's library, ed. by E. Rhys. Classical. [114]</marc:subfield>
      </marc:datafield>
      <marc:datafield tag="500" ind1=" " ind2=" ">
         <marc:subfield code="a">Title within ornamental border.</marc:subfield>
      </marc:datafield>
      <marc:datafield tag="500" ind1=" " ind2=" ">
         <marc:subfield code="a">"First published in this edition, 1906; reprinted 1910, 1912, 1916, 1920, 1925."</marc:subfield>
      </marc:datafield>
      <marc:datafield tag="504" ind1=" " ind2=" ">
         <marc:subfield code="a">"Select bibliography": p. xix.</marc:subfield>
      </marc:datafield>
      <marc:datafield tag="600" ind1="0" ind2="0">
         <marc:subfield code="a">Sophocles</marc:subfield>
         <marc:subfield code="v">Translations into English.</marc:subfield>
      </marc:datafield>
      <marc:datafield tag="650" ind1=" " ind2="0">
         <marc:subfield code="a">Mythology, Greek</marc:subfield>
         <marc:subfield code="v">Drama.</marc:subfield>
      </marc:datafield>
      <marc:datafield tag="700" ind1="1" ind2=" ">
         <marc:subfield code="a">Young, George,</marc:subfield>
         <marc:subfield code="c">Sir,</marc:subfield>
         <marc:subfield code="d">1837-1930,</marc:subfield>
         <marc:subfield code="e">tr.</marc:subfield>
      </marc:datafield>
      <marc:datafield tag="990" ind1=" " ind2=" ">
         <marc:subfield code="a">1000</marc:subfield>
      </marc:datafield>
      <marc:datafield tag="999" ind1=" " ind2=" ">
         <marc:subfield code="a">PA4414.A1 Y6</marc:subfield>
         <marc:subfield code="w">LC</marc:subfield>
         <marc:subfield code="c">1</marc:subfield>
         <marc:subfield code="i">30173000080068</marc:subfield>
         <marc:subfield code="d">10/4/2010</marc:subfield>
         <marc:subfield code="f">10/4/2010</marc:subfield>
         <marc:subfield code="g">2</marc:subfield>
         <marc:subfield code="l">STACKS</marc:subfield>
         <marc:subfield code="m">DEGEN_ROOM</marc:subfield>
         <marc:subfield code="r">N</marc:subfield>
         <marc:subfield code="s">Y</marc:subfield>
         <marc:subfield code="t">BOOK</marc:subfield>
         <marc:subfield code="u">6/11/2007</marc:subfield>
      </marc:datafield>
   </marc:record>
</marc:collection>
